@Article{Chatrchyan:2008zzk,
     author    = "Chatrchyan, S. and others",
     collaboration = "CMS",
     title     = "The {CMS} experiment at the {CERN} {LHC}",
     journal   = "JINST",
     volume    = "3",
     year      = "2008",
     pages     = "S08004",
     doi       = "10.1088/1748-0221/3/08/S08004",
     SLACcitation  = "%%CITATION = JINST,3,S08004;%%"
}
@article{Chatrchyan:2012ufa,
      author         = "Chatrchyan, Serguei and others",
      title          = "{Observation of a new boson at a mass of 125 GeV with the
                        CMS experiment at the LHC}",
      collaboration  = "CMS",
      journal        = "Phys. Lett. B",
      volume         = "716",
      pages          = "30",
      doi            = "10.1016/j.physletb.2012.08.021",
      year           = "2012",
      eprint         = "1207.7235",
      archivePrefix  = "arXiv",
      primaryClass   = "hep-ex",
      reportNumber   = "CMS-HIG-12-028, CERN-PH-EP-2012-220",
      SLACcitation   = "%%CITATION = ARXIV:1207.7235;%%",
}

@article{Aad:2012tfa,
      author         = "Aad, Georges and others",
      title          = "{Observation of a new particle in the search for the
                        Standard Model Higgs boson with the ATLAS detector at the
                        LHC}",
      collaboration  = "ATLAS",
      journal        = "Phys. Lett. B",
      volume         = "716",
      pages          = "1",
      doi            = "10.1016/j.physletb.2012.08.020",
      year           = "2012",
      eprint         = "1207.7214",
      archivePrefix  = "arXiv",
      primaryClass   = "hep-ex",
      reportNumber   = "CERN-PH-EP-2012-218",
      SLACcitation   = "%%CITATION = ARXIV:1207.7214;%%",
}

@article{Aad:2015zhl,
      author         = "{ATLAS and CMS Collaborations}",
      title          = "{Combined measurement of the Higgs boson mass in $pp$
                        collisions at $\sqrt{s}=7$ and 8\TeV with the ATLAS and
                        CMS experiments}",
      journal        = "Phys. Rev. Lett.",
      volume         = "114",
      year           = "2015",
      pages          = "191803",
      doi            = "10.1103/PhysRevLett.114.191803",
      eprint         = "1503.07589",
      archivePrefix  = "arXiv",
      primaryClass   = "hep-ex",
      reportNumber   = "ATLAS-HIGG-2014-14, CMS-HIG-14-042, CERN-PH-EP-2015-075",
      SLACcitation   = "%%CITATION = ARXIV:1503.07589;%%"
}
@article{Chatrchyan:2013iaa,
      author         = "Chatrchyan, Serguei and others",
      title          = "{Measurement of Higgs boson production and properties in
                        the WW decay channel with leptonic final states}",
      collaboration  = "CMS",
      journal        = "JHEP",
      volume         = "01",
      pages          = "096",
      doi            = "10.1007/JHEP01(2014)096",
      year           = "2014",
      eprint         = "1312.1129",
      archivePrefix  = "arXiv",
      primaryClass   = "hep-ex",
      reportNumber   = "CMS-HIG-13-023, CERN-PH-EP-2013-221",
      SLACcitation   = "%%CITATION = ARXIV:1312.1129;%%",
}

@TECHREPORT{CMS_AN_2006-027,
     AUTHOR       = "Belotelov, I. and Golutvin, I. and Bourilkov, D. and Lanyov, A. and Rogalev, E. and Savina, M. and Shmatov, S.",
     TITLE        = "Search for {ADD} extra dimensional gravity in di-muon channel with the {CMS} Detector",
     TYPE      = "CMS Note",
     NUMBER       = "2006/076",
     URL          = "http://cdsweb.cern.ch/record/962045",
     YEAR         = "2006"}
@TECHREPORT{CMS_NOTE_2006-106,
     AUTHOR       = "Aldaya, M. and Arce, P. and Caballero, J. and de la Cruz, B. and Garcia-Abia, P. and Hernandez, J. M. and Josa, M. I. and Ruiz, E.",
     TITLE        = "Discovery potential and search strategy for the Standard Model {H}iggs boson in the {$H\to ZZ^\star\to 4\mu$} decay channel using a mass-independent analysis",
     TYPE      = "CMS Note",
     NUMBER       = "2006/106",
     URL          = "http://cdsweb.cern.ch/record/962058",
     YEAR         = "2006"}



@Article{Brandt:1997gi,
     author    = "Brandt, A. and others",
 collaboration = "UA8",
     title     = "Measurements of single diffraction at $\sqrt{s} =$ 630 {GeV}:
                  Evidence for  a non-linear $\alpha(t)$ of the pomeron",
     journal   = "Nucl. Phys. B",
     volume    = "514",
     year      = "1998",
     pages     = "3",
     SLACcitation  = "%%CITATION = HEP-EX 9710004;%%",
     doi       = "10.1016/S0550-3213(97)00813-4"
}
@ARTICLE{Buchmuller:1986zs,
     AUTHOR       = "Buchm{\"u}ller, W. and Wyler, D.",
     TITLE        = "Constraints on {SU(5)}-type leptoquarks",
     JOURNAL      = "Phys. Lett. B",
     VOLUME       = "177",
     YEAR         = "1986",
     pages        = "377",
     SLACcitation  = "%%CITATION = PHLTA,B191,442;%%",
     doi          = "10.1016/0370-2693(86)90771-9"}
@Article{PTDR2,
     author    = "{CMS Collaboration}",
     title     = "{CMS} technical design report, volume {II}: {Physics}
                  performance",
     journal   = "J. Phys. G",
     volume    = "34",
     year      = "2007",
     pages     = "995",
     doi       = "10.1088/0954-3899/34/6/S01",
     SLACcitation  = "%%CITATION = JPHGB,G34,995;%%"
}
% PAS are now TECHREPORTS. Same for Notes. A formatted list of PASs is located in [svn]/utils/branches/dev/general/pasBib-tech.bib
@TECHREPORT{CMS-PAS-JME-10-003,
      AUTHOR      = "{CMS Collaboration}",
      COLLABORATION = {CMS},
      TITLE       = "Jet Performance in pp Collisions at $\sqrt{s}$=7 {TeV}",
      URL         = "http://cdsweb.cern.ch/record/1279362",
      TYPE     = "CMS Physics Analysis Summary",
      NUMBER      = "CMS-PAS-JME-10-003",
      YEAR        = "2010"
}
%SPIRES had this one as R. Adolphi, et. al. Wrong. Now corrected in InspireHEP.
@Article{Chatrchyan:2008zzk,
     author    = "Chatrchyan, S. and others",
     collaboration = "CMS",
     title     = "The {CMS} experiment at the {CERN} {LHC}",
     journal   = "JINST",
     volume    = "3",
     year      = "2008",
     pages     = "S08004",
     doi       = "10.1088/1748-0221/3/08/S08004",
     SLACcitation  = "%%CITATION = JINST,3,S08004;%%"
}
% An evergreen:
@article{Beringer:1900zz,
      author         = "{Particle Data Group} and Beringer, J. and others",
      title          = "{Review of Particle Physics}",
      journal        = "Phys. Rev. D",
      volume         = "86",
      pages          = "010001",
      doi            = "10.1103/PhysRevD.86.010001",
      year           = "2012",
      SLACcitation   = "%%CITATION = PHRVA,D86,010001;%%",
}
%
% An example of a document which only appears on arXiv. This one could alternatively be cited as a TECHREPORT using any of the various laboratory report numbers when hosted on a lab server:
% reportNumber   = "CERN-PH-EP-2010-095, FERMILAB-TM-2480-PPD, LEPEWWG-2010-01, TEVEWWG-2010-01, ALEPH-2010-001-PHYSICS-2010-001, CDF-NOTE-10338, D0-NOTE-6130, DELPHI-DELPHI-2010-001-PHYS-952, L3-NOTE-2837, OPAL-PR432, SLAC-PUB-14301",
%
@UNPUBLISHED{LEPewkfits,
     author = "{ALEPH, CDF, D0, DELPHI, L3, OPAL, SLD Collaborations,
                                    the LEP Electroweak Working Group, the Tevatron Electroweak Working Group, and the SLD Electroweak and Heavy Flavour Groups}",
     title     = "Precision electroweak measurements and constraints on
the {Standard Model}",
     URL       = "http://lepewwg.web.cern.ch/LEPEWWG",
     eprint    = "1012.2367",
     archivePrefix = "arXiv",
     primaryClass  =  "hep-ex",
     year  = "2010",
     SLACcitation  = "%%CITATION = 1012.2367;%%"
}
%
% A document hosted on a laboratory server
%
@TECHREPORT{Bertram:2000br,
  author = " Bertram, I. and Landsberg, G. and Linnemann, J. and Partridge, R. and Paterno, M. and Prosper, H. B.",
  title =  "A Recipe for the construction of confidence limits",
  institution = "Fermilab",
  number     = "{TM-2104}",
  url = "http://lss.fnal.gov/archive/test-tm/2000/fermilab-tm-2104.pdf",
  year = "2000"
 }
 %
 % A document included in Proceedings. PRL may want the ADDRESS field as well.
 %
@INPROCEEDINGS{RooStats,
  AUTHOR       = "Moneta, L. and Belasco, K. and  Cranmer, K. S. and Lazzaro, A. and Piparo, D. and Schott, G. and Verkerke, W. and Wolf, M. ",
  TITLE        = "The {R}oo{S}tats {P}roject",
  BOOKTITLE = "13$^\text{th}$ International Workshop on Advanced Computing and Analysis Techniques in Physics Research (ACAT2010)",
  YEAR         = "2010",
  PUBLISHER = "SISSA",
  NOTE = "{PoS(ACAT2010)057}",
  URL          = "http://pos.sissa.it/archive/conferences/093/057/ACAT2010_057.pdf",
  eprint = "1009.1003",
  primaryClass = "physics.data-an"
}
%
% CMS/ATLAS papers submitted but not yet accepted; The SLACcitation is not required. This is only for illustration, these are now published.
% Upon acceptance the note is modified and the DOI included (if available).
%
@Unpublished{Khachatryan:2010mp,
     author    = "{CMS Collaboration}",
     collaboration = "CMS",
     title     = "Search for Pair Production of First-Generation Scalar Leptoquarks in pp Collisions at $\sqrt{s} = 7$ {TeV}",
     note  = "Submitted to \textit{Phys. Rev. Lett.}",
     eprint    = "1012.4031",
     archivePrefix = "arXiv",
     primaryClass  =  "hep-ex",
     year = "2010",
     SLACcitation  = "%%CITATION = 1012.4031;%%"
}
@Unpublished{CMS-PAPER-MUO-10-004,
     author    = "{CMS Collaboration}",
     collaboration = "CMS",
     title     = "Performance of CMS muon reconstruction in pp collision events at {$\sqrt{s} = 7$\TeV}",
     note  = "Submitted to \textit{J. Inst.}",
     eprint    = "1206.4071",
     archivePrefix = "arXiv",
     primaryClass  =  "physics.ins-det",
     year = "2012",
}
@Unpublished{ATLAS:2011aa,
        Archiveprefix = {arXiv},
        Author = {{ATLAS Collaboration}},
        Collaboration = {ATLAS},
        Eprint = {1112.2577},
        Note = {Submitted to \textit{Phys. Rev. Lett.}},
        Primaryclass = {hep-ex},
        Slaccitation = {%%CITATION = 1112.2577;%%},
        Title = {Search for the {H}iggs boson in the {$H\to$WW(*)$\to \ell^+ \nu \ell^- \bar{\nu}$} decay channel in pp collisions at $\sqrt{s}$ = 7 {TeV} with the {ATLAS} detector},
        Year = {2011}}
        
@Article{Sjostrand:2006za,
      author         = "Sj{\"o}strand, Torbj{\"o}rn and Mrenna, Stephen and Skands, Peter",
      title          = "{PYTHIA} 6.4 physics and manual",
      journal        = "JHEP",
      volume         = "05",
      pages          = "026",
      doi            = "10.1088/1126-6708/2006/05/026",
      year           = "2006",
      eprint         = "hep-ph/0603175",
      archivePrefix  = "arXiv",
      primaryClass   = "hep-ph",
      reportNumber   = "FERMILAB-PUB-06-052-CD-T, LU-TP-06-13",
      SLACcitation   = "%%CITATION = HEP-PH/0603175;%%",
}
@INCOLLECTION{nu2,
    author        = "Giunti, C. and Laveder, M.",
    title         = "Neutrino mixing",
    booktitle     = "Developments in Quantum Physics",
    editor        = "Columbus, F. and Krasnoholovets, V.",
    publisher     = "Nova Science Publishers, Inc.",
    eprint        = "hep-ph/0310238",
    archivePrefix = "arXiv",
    primaryClass  = "hep-ph",
    year          = "2004",
    isbn          = "1-59454-003-9"
}

@article{Chatrchyan:2012ufa,
      author         = "Chatrchyan, Serguei and others",
      title          = "{Observation of a new boson at a mass of 125 GeV with the
                        CMS experiment at the LHC}",
      collaboration  = "CMS",
      journal        = "Phys. Lett. B",
      volume         = "716",
      pages          = "30",
      doi            = "10.1016/j.physletb.2012.08.021",
      year           = "2012",
      eprint         = "1207.7235",
      archivePrefix  = "arXiv",
      primaryClass   = "hep-ex",
      reportNumber   = "CMS-HIG-12-028, CERN-PH-EP-2012-220",
      SLACcitation   = "%%CITATION = ARXIV:1207.7235;%%",
}

@article{Aad:2012tfa,
      author         = "Aad, Georges and others",
      title          = "{Observation of a new particle in the search for the
                        Standard Model Higgs boson with the ATLAS detector at the
                        LHC}",
      collaboration  = "ATLAS",
      journal        = "Phys. Lett. B",
      volume         = "716",
      pages          = "1",
      doi            = "10.1016/j.physletb.2012.08.020",
      year           = "2012",
      eprint         = "1207.7214",
      archivePrefix  = "arXiv",
      primaryClass   = "hep-ex",
      reportNumber   = "CERN-PH-EP-2012-218",
      SLACcitation   = "%%CITATION = ARXIV:1207.7214;%%",
}

@article{Aad:2015zhl,
      author         = "{ATLAS and CMS Collaborations}",
      title          = "{Combined measurement of the Higgs boson mass in $pp$
                        collisions at $\sqrt{s}=7$ and 8\TeV with the ATLAS and
                        CMS experiments}",
      journal        = "Phys. Rev. Lett.",
      volume         = "114",
      year           = "2015",
      pages          = "191803",
      doi            = "10.1103/PhysRevLett.114.191803",
      eprint         = "1503.07589",
      archivePrefix  = "arXiv",
      primaryClass   = "hep-ex",
      reportNumber   = "ATLAS-HIGG-2014-14, CMS-HIG-14-042, CERN-PH-EP-2015-075",
      SLACcitation   = "%%CITATION = ARXIV:1503.07589;%%"
}

@article{Khachatryan:2014jba,
      author         = "Khachatryan, Vardan and others",
      title          = "{Precise determination of the mass of the Higgs boson and
                        tests of compatibility of its couplings with the standard
                        model predictions using proton collisions at 7 and 8
                        $\,\text {TeV}$}",
      collaboration  = "CMS",
      journal        = "Eur. Phys. J. C",
      volume         = "75",
      pages          = "212",
      doi            = "10.1140/epjc/s10052-015-3351-7",
      year           = "2015",
      eprint         = "1412.8662",
      archivePrefix  = "arXiv",
      primaryClass   = "hep-ex",
      reportNumber   = "CMS-HIG-14-009, CERN-PH-EP-2014-288",
      SLACcitation   = "%%CITATION = ARXIV:1412.8662;%%",
}

@Article{Cacciari:2008gp,
     AUTHOR    = "Cacciari, Matteo and Salam, Gavin P. and Soyez, Gregory",
     TITLE     = "The anti-$k_t$ jet clustering algorithm",
     JOURNAL   = "JHEP",
     VOLUME    = "04",
     YEAR      = "2008",
     PAGES     = "063",
     doi       = "10.1088/1126-6708/2008/04/063",
     eprint         = "0802.1189",
     archivePrefix  = "arXiv",
     primaryClass   = "hep-ex",
}

@article{Cacciari:2011ma,
      author         = "Cacciari, Matteo and Salam, Gavin P. and Soyez, Gregory",
      title          = "{FastJet User Manual}",
      journal        = "Eur. Phys. J. C",
      volume         = "72",
      pages          = "1896",
      doi            = "10.1140/epjc/s10052-012-1896-2",
      year           = "2012",
      eprint         = "1111.6097",
      archivePrefix  = "arXiv",
      primaryClass   = "hep-ph",
      reportNumber   = "CERN-PH-TH-2011-297",
      SLACcitation   = "%%CITATION = ARXIV:1111.6097;%%",
}

@TECHREPORT{CMS-PAS-PFT-09-001,
      AUTHOR      = "{CMS Collaboration}",
      COLLABORATION = "CMS",
      TITLE       = "Particle--Flow Event Reconstruction in {CMS} and Performance for Jets, Taus, and {\MET}",
      URL         = "http://cdsweb.cern.ch/record/1194487",
      TYPE        = "CMS Physics Analysis Summary",
      NUMBER      = "CMS-PAS-PFT-09-001",
      reportNumber = "CMS-PAS-PFT-09-001",
      YEAR        = "2009"
}

@article{Chatrchyan:2011ds,
      author         = "Chatrchyan, Serguei and others",
      title          = "{Determination of jet energy calibration and transverse
                        momentum resolution in CMS}",
      collaboration  = "CMS",
      journal        = "JINST",
      volume         = "6",
      pages          = "P11002",
      doi            = "10.1088/1748-0221/6/11/P11002",
      year           = "2011",
      eprint         = "1107.4277",
      archivePrefix  = "arXiv",
      primaryClass   = "physics.ins-det",
      reportNumber   = "CERN-PH-EP-2011-102, CMS-JME-10-011",
      SLACcitation   = "%%CITATION = ARXIV:1107.4277;%%",
}

@unpublished{CMS:EGM-13-001,
      author         = "Khachatryan, Vardan and others",
      title          = "{Performance of electron reconstruction and selection with the CMS detector in proton-proton collisions at $\sqrt{s} = 8$\TeV}",
      collaboration  = "CMS",
      year           = "2015",
      eprint         = "1502.02701",
      archivePrefix  = "arXiv",
      primaryClass   = "physics.ins-det",
      reportNumber   = "CMS-EGM-13-001, CERN-PH-EP-2015-004",
      SLACcitation   = "%%CITATION = ARXIV:1502.02701;%%",
      note  = "Submitted to \textit{JINST}",
}


@article{Chatrchyan:2012xi,
      author         = "Chatrchyan, Serguei and others",
      title          = "{Performance of CMS muon reconstruction in $pp$ collision
                        events at $\sqrt{s} = 7$ TeV}",
      collaboration  = "CMS",
      journal        = "JINST",
      volume         = "7",
      pages          = "P10002",
      doi            = "10.1088/1748-0221/7/10/P10002",
      year           = "2012",
      eprint         = "1206.4071",
      archivePrefix  = "arXiv",
      primaryClass   = "physics.ins-det",
      reportNumber   = "CMS-MUO-10-004, CERN-PH-EP-2012-173",
      SLACcitation   = "%%CITATION = ARXIV:1206.4071;%%",
}

@article{TRK-11-001,
      author         = "Chatrchyan, Serguei and others",
      title          = "{Description and performance of track and
                        primary-vertex reconstruction with the CMS
                        tracker}",
      collaboration  = "CMS",
      journal           = "JINST",
      volume          = "9",
      pages           = "P10009",
      doi            = "10.1088/1748-0221/9/10/P10009",
      year           = "2014",
      eprint         = "1405.6569",
      archivePrefix  = "arXiv",
      primaryClass   = "physics.ins-det",
      reportNumber   = "CMS-TRK-11-001, CERN-PH-EP-2014-070",
      SLACcitation   = "%%CITATION = ARXIV:1405.6569;%%",
}

@unpublished{CMS:EGM-14-001,
      author         = "Khachatryan, Vardan and others",
      title          = "{Performance of photon reconstruction and identification with the CMS detector in proton-proton collisions at $\sqrt{s} = 8$\TeV}",
      collaboration  = "CMS",
      year           = "2015",
      eprint         = "1502.02702",
      archivePrefix  = "arXiv",
      primaryClass   = "physics.ins-det",
      reportNumber   = "CMS-EGM-14-001, CERN-PH-EP-2015-006",
      SLACcitation   = "%%CITATION = ARXIV:1502.02702;%%",
      note  = "Submitted to \textit{JINST}",
}


@article{Aad:2014tca,
      author         = "Aad, Georges and others",
      title          = "{Fiducial and differential cross sections of Higgs boson
                        production measured in the four-lepton decay channel in
                        $pp$ collisions at $\sqrt{s} = 8 $\TeV with the ATLAS
                        detector}",
      collaboration  = "ATLAS",
      journal        = "Phys. Lett. B",
      volume         = "738",
      pages          = "234",
      doi            = "10.1016/j.physletb.2014.09.054",
      year           = "2014",
      eprint         = "1408.3226",
      archivePrefix  = "arXiv",
      primaryClass   = "hep-ex",
      reportNumber   = "CERN-PH-EP-2014-186",
      SLACcitation   = "%%CITATION = ARXIV:1408.3226;%%",
}

@article{Aad:2014lwa,
      author         = "Aad, Georges and others",
      title          = "{Measurements of fiducial and differential cross sections
                        for Higgs boson production in the diphoton decay channel
                        at $\sqrt{s} = 8$\TeV with ATLAS}",
      collaboration  = "ATLAS",
      journal        = "JHEP",
      volume         = "09",
      pages          = "112",
      doi            = "10.1007/JHEP09(2014)112",
      year           = "2014",
      eprint         = "1407.4222",
      archivePrefix  = "arXiv",
      primaryClass   = "hep-ex",
      reportNumber   = "CERN-PH-EP-2014-148",
      SLACcitation   = "%%CITATION = ARXIV:1407.4222;%%",
}

@article{HIG-14-028,
  author = "CMS",
  title = {Measurement of differential and integrated fiducial cross sections for Higgs boson production in the four-lepton
decay channel in pp collisions at sqrt(s) = 7 and 8 TeV},
 journal = "To be submitted to JHEP"
}

@article{Khachatryan:2015yvw,
      author         = "Khachatryan, Vardan and others",
      title          = "{Measurement of differential and integrated fiducial
                        cross sections for Higgs boson production in the
                        four-lepton decay channel in pp collisions at $ \sqrt{s}=7
                        $ and 8 TeV}",
      collaboration  = "CMS",
      journal        = "JHEP",
      volume         = "04",
      year           = "2016",
      pages          = "005",
      doi            = "10.1007/JHEP04(2016)005",
      eprint         = "1512.08377",
      archivePrefix  = "arXiv",
      primaryClass   = "hep-ex",
      reportNumber   = "CMS-HIG-14-028, CERN-PH-EP-2015-285",
      SLACcitation   = "%%CITATION = ARXIV:1512.08377;%%"
}

@article{HIG-14-016,
  author = "CMS",
  title = {Differential Measurement of the Higgs boson Cross Section in the decay channel into two Photons}
}

@article{Khachatryan:2014kca,
      author         = "Khachatryan, Vardan and others",
      title          = "{Constraints on the spin-parity and anomalous $HVV$
                        couplings of the Higgs boson in proton collisions at 7 and
                        8 TeV}",
      collaboration  = "CMS",
      journal        = "Phys. Rev. D",
      volume         = "92",
      year           = "2015",
      pages          = "012004",
      doi            = "10.1103/PhysRevD.92.012004",
      eprint         = "1411.3441",
      archivePrefix  = "arXiv",
      primaryClass   = "hep-ex",
      reportNumber   = "CMS-HIG-14-018, CERN-PH-EP-2014-265",
      SLACcitation   = "%%CITATION = ARXIV:1411.3441;%%"
}
@article{Khachatryan:2014ira,
      author         = "Khachatryan, Vardan and others",
      title          = "{Observation of the diphoton decay of the Higgs boson and
                        measurement of its properties}",
      collaboration  = "CMS",
      journal        = "Eur. Phys. J. C",
      volume         = "74",
      pages          = "3076",
      doi            = "10.1140/epjc/s10052-014-3076-z",
      year           = "2014",
      eprint         = "1407.0558",
      archivePrefix  = "arXiv",
      primaryClass   = "hep-ex",
      reportNumber   = "CMS-HIG-13-001, CERN-PH-EP-2014-117",
      SLACcitation   = "%%CITATION = ARXIV:1407.0558;%%",
}

@article{Khachatryan:2014iha,
      author         = "Khachatryan, Vardan and others",
      title          = "{Constraints on the Higgs boson width from off-shell
                        production and decay to Z-boson pairs}",
      collaboration  = "CMS",
      journal        = "Phys. Lett. B",
      volume         = "736",
      pages          = "64",
      doi            = "10.1016/j.physletb.2014.06.077",
      year           = "2014",
      eprint         = "1405.3455",
      archivePrefix  = "arXiv",
      primaryClass   = "hep-ex",
      reportNumber   = "CMS-HIG-14-002, CERN-PH-EP-2014-078",
      SLACcitation   = "%%CITATION = ARXIV:1405.3455;%%",
}

@unpublished{Khachatryan:2016ctc,
      author         = "Khachatryan, Vardan and others",
      title          = "{Search for Higgs boson off-shell production in
                        proton-proton collisions at 7 and 8 TeV and derivation of
                        constraints on its total decay width}",
      collaboration  = "CMS",
      year           = "2016",
      eprint         = "1605.02329",
      note  = "Submitted to \textit{JHEP}",
      archivePrefix  = "arXiv",
      primaryClass   = "hep-ex",
      reportNumber   = "CMS-HIG-14-032, CERN-EP-2016-054",
      SLACcitation   = "%%CITATION = ARXIV:1605.02329;%%"
}
@article{Chatrchyan:2014vua,
      author         = "Chatrchyan, Serguei and others",
      title          = "{Evidence for the direct decay of the 125 GeV Higgs boson
                        to fermions}",
      collaboration  = "CMS",
      journal        = "Nature Phys.",
      volume         = "10",
      pages          = "557",
      doi            = "10.1038/nphys3005",
      year           = "2014",
      eprint         = "1401.6527",
      archivePrefix  = "arXiv",
      primaryClass   = "hep-ex",
      reportNumber   = "CMS-HIG-13-033, CERN-PH-EP-2014-004",
      SLACcitation   = "%%CITATION = ARXIV:1401.6527;%%",
}

@article{Chatrchyan:2014nva,
      author         = "Chatrchyan, Serguei and others",
      title          = "{Evidence for the 125 GeV Higgs boson decaying to a pair
                        of $\tau$ leptons}",
      collaboration  = "CMS",
      journal        = "JHEP",
      volume         = "05",
      pages          = "104",
      doi            = "10.1007/JHEP05(2014)104",
      year           = "2014",
      eprint         = "1401.5041",
      archivePrefix  = "arXiv",
      primaryClass   = "hep-ex",
      reportNumber   = "CMS-HIG-13-004, CERN-PH-EP-2014-001",
      SLACcitation   = "%%CITATION = ARXIV:1401.5041;%%",
}

@article{Chatrchyan:2013mxa,
      author         = "Chatrchyan, Serguei and others",
      title          = "{Measurement of the properties of a Higgs boson in the
                        four-lepton final state}",
      collaboration  = "CMS",
      journal        = "Phys. Rev. D",
      volume         = "89",
      pages          = "092007",
      doi            = "10.1103/PhysRevD.89.092007",
      year           = "2014",
      eprint         = "1312.5353",
      archivePrefix  = "arXiv",
      primaryClass   = "hep-ex",
      reportNumber   = "CMS-HIG-13-002, CERN-PH-EP-2013-220",
      SLACcitation   = "%%CITATION = ARXIV:1312.5353;%%",
}

@article{Chatrchyan:2013iaa,
      author         = "Chatrchyan, Serguei and others",
      title          = "{Measurement of Higgs boson production and properties in
                        the WW decay channel with leptonic final states}",
      collaboration  = "CMS",
      journal        = "JHEP",
      volume         = "01",
      pages          = "096",
      doi            = "10.1007/JHEP01(2014)096",
      year           = "2014",
      eprint         = "1312.1129",
      archivePrefix  = "arXiv",
      primaryClass   = "hep-ex",
      reportNumber   = "CMS-HIG-13-023, CERN-PH-EP-2013-221",
      SLACcitation   = "%%CITATION = ARXIV:1312.1129;%%",
}

@article{Chatrchyan:2013zna,
      author         = "Chatrchyan, Serguei and others",
      title          = "{Search for the standard model Higgs boson produced in
                        association with a $W$ or a $Z$ boson and decaying to bottom
                        quarks}",
      collaboration  = "CMS",
      journal        = "Phys. Rev. D",
      volume         = "89",
      pages          = "012003",
      doi            = "10.1103/PhysRevD.89.012003",
      year           = "2014",
      eprint         = "1310.3687",
      archivePrefix  = "arXiv",
      primaryClass   = "hep-ex",
      reportNumber   = "CMS-HIG-13-012, CERN-PH-EP-2013-188",
      SLACcitation   = "%%CITATION = ARXIV:1310.3687;%%",
}

@article{Aad:2015lha,
      author         = "Aad, Georges and others",
      title          = "{Measurements of the Total and Differential Higgs Boson
                        Production Cross Sections Combining the $H \rightarrow \gamma\gamma$ and
                        $H \rightarrow Z Z^{*} \rightarrow 4 \ell$ Decay Channels at $\sqrt{s}=8$~TeV
                        with the ATLAS Detector}",
      collaboration  = "ATLAS",
      journal        = "Phys. Rev. Lett.",
      volume         = "115",
      year           = "2015",
      pages          = "091801",
      doi            = "10.1103/PhysRevLett.115.091801",
      eprint         = "1504.05833",
      archivePrefix  = "arXiv",
      primaryClass   = "hep-ex",
      reportNumber   = "CERN-PH-EP-2015-048",
      SLACcitation   = "%%CITATION = ARXIV:1504.05833;%%"
}


@article{Aad:2015rwa,
      author         = "Aad, Georges and others",
      title          = "{Determination of spin and parity of the Higgs boson in
                        the $WW^*\rightarrow e \nu \mu \nu $ decay channel with
                        the ATLAS detector}",
      collaboration  = "ATLAS",
      journal        = "Eur. Phys. J. C",
      volume         = "75",
      pages          = "231",
      doi            = "10.1140/epjc/s10052-015-3436-3",
      year           = "2015",
      eprint         = "1503.03643",
      archivePrefix  = "arXiv",
      primaryClass   = "hep-ex",
      reportNumber   = "CERN-PH-EP-2015-037",
      SLACcitation   = "%%CITATION = ARXIV:1503.03643;%%",
}

@article{Aad:2015xua,
      author         = "Aad, Georges and others",
      title          = "{Determination of the off-shell Higgs boson signal
                        strength in the high-mass $ZZ$ and $WW$ final states with
                        the ATLAS detector}",
      collaboration  = "ATLAS",
      year           = "2015",
      eprint         = "1503.01060",
      archivePrefix  = "arXiv",
      primaryClass   = "hep-ex",
      reportNumber   = "CERN-PH-EP-2015-026",
      SLACcitation   = "%%CITATION = ARXIV:1503.01060;%%",
}

@article{Aad:2015vsa,
      author         = "Aad, Georges and others",
      title          = "{Evidence for the Higgs-boson Yukawa coupling to tau
                        leptons with the ATLAS detector}",
      collaboration  = "ATLAS",
      journal        = "JHEP",
      volume         = "04",
      pages          = "117",
      doi            = "10.1007/JHEP04(2015)117",
      year           = "2015",
      eprint         = "1501.04943",
      archivePrefix  = "arXiv",
      primaryClass   = "hep-ex",
      reportNumber   = "CERN-PH-EP-2014-262",
      SLACcitation   = "%%CITATION = ARXIV:1501.04943;%%",
}


@article{ATLAS:2014aga,
      author         = "Aad, Georges and others",
      title          = "{Observation and measurement of Higgs boson decays to
                        $WW^*$ with the ATLAS detector}",
      collaboration  = "ATLAS",
      journal        = "Phys. Rev. D",
      volume         = "92",
      year           = "2015",
      pages          = "012006",
      doi            = "10.1103/PhysRevD.92.012006",
      eprint         = "1412.2641",
      archivePrefix  = "arXiv",
      primaryClass   = "hep-ex",
      reportNumber   = "CERN-PH-EP-2014-270",
      SLACcitation   = "%%CITATION = ARXIV:1412.2641;%%"
}
@article{Aad:2014xzb,
      author         = "Aad, Georges and others",
      title          = "{Search for the $b\bar{b}$ decay of the Standard Model
                        Higgs boson in associated $(W/Z)H$ production with the
                        ATLAS detector}",
      collaboration  = "ATLAS",
      journal        = "JHEP",
      volume         = "01",
      pages          = "069",
      doi            = "10.1007/JHEP01(2015)069",
      year           = "2015",
      eprint         = "1409.6212",
      archivePrefix  = "arXiv",
      primaryClass   = "hep-ex",
      reportNumber   = "CERN-PH-EP-2014-214",
      SLACcitation   = "%%CITATION = ARXIV:1409.6212;%%",
}

@article{Aad:2014eha,
      author         = "Aad, Georges and others",
      title          = "{Measurement of Higgs boson production in the diphoton
                        decay channel in $pp$ collisions at center-of-mass energies
                        of 7 and 8 TeV with the ATLAS detector}",
      collaboration  = "ATLAS",
      journal        = "Phys. Rev. D",
      volume         = "90",
      pages          = "112015",
      doi            = "10.1103/PhysRevD.90.112015",
      year           = "2014",
      eprint         = "1408.7084",
      archivePrefix  = "arXiv",
      primaryClass   = "hep-ex",
      reportNumber   = "CERN-PH-EP-2014-198",
      SLACcitation   = "%%CITATION = ARXIV:1408.7084;%%",
}

@article{Aad:2014eva,
      author         = "Aad, Georges and others",
      title          = "{Measurements of Higgs boson production and couplings in
                        the four-lepton channel in $pp$ collisions at center-of-mass
                        energies of 7 and 8 TeV with the ATLAS detector}",
      collaboration  = "ATLAS",
      journal        = "Phys. Rev. D",
      volume         = "91",
      pages          = "012006",
      doi            = "10.1103/PhysRevD.91.012006",
      year           = "2015",
      eprint         = "1408.5191",
      archivePrefix  = "arXiv",
      primaryClass   = "hep-ex",
      reportNumber   = "CERN-PH-EP-2014-170",
      SLACcitation   = "%%CITATION = ARXIV:1408.5191;%%",
}


@article{Aad:2013wqa,
      author         = "Aad, Georges and others",
      title          = "{Measurements of Higgs boson production and couplings in
                        diboson final states with the ATLAS detector at the LHC}",
      collaboration  = "ATLAS",
      journal        = "Phys. Lett. B",
      volume         = "726",
      year           = "2013",
      pages          = "88",
      doi            = "10.1016/j.physletb.2014.05.011,
                        10.1016/j.physletb.2013.08.010",
      note           = "[{\em Erratum: Phys. Lett. B 734, 406 (2014)}]",
      eprint         = "1307.1427",
      archivePrefix  = "arXiv",
      primaryClass   = "hep-ex",
      reportNumber   = "CERN-PH-EP-2013-103",
      SLACcitation   = "%%CITATION = ARXIV:1307.1427;%%"
}

@article{Aad:2013xqa,
      author         = "Aad, Georges and others",
      title          = "{Evidence for the spin-0 nature of the Higgs boson using
                        ATLAS data}",
      collaboration  = "ATLAS",
      journal        = "Phys. Lett. B",
      volume         = "726",
      pages          = "120",
      doi            = "10.1016/j.physletb.2013.08.026",
      year           = "2013",
      eprint         = "1307.1432",
      archivePrefix  = "arXiv",
      primaryClass   = "hep-ex",
      reportNumber   = "CERN-PH-EP-2013-102",
      SLACcitation   = "%%CITATION = ARXIV:1307.1432;%%",
}

@article{Harlander:2013oja,
      author         = "Harlander, Robert V. and Neumann, Tobias",
      title          = "{Probing the nature of the Higgs-gluon coupling}",
      journal        = "Phys. Rev. D",
      volume         = "88",
      pages          = "074015",
      doi            = "10.1103/PhysRevD.88.074015",
      year           = "2013",
      eprint         = "1308.2225",
      archivePrefix  = "arXiv",
      primaryClass   = "hep-ph",
      reportNumber   = "WUB-13-08",
      SLACcitation   = "%%CITATION = ARXIV:1308.2225;%%",
}

@article{Banfi:2013yoa,
      author         = "Banfi, Andrea and Martin, Adam and Sanz, Veronica",
      title          = "{Probing top-partners in Higgs+jets}",
      journal        = "JHEP",
      volume         = "08",
      pages          = "053",
      doi            = "10.1007/JHEP08(2014)053",
      year           = "2014",
      eprint         = "1308.4771",
      archivePrefix  = "arXiv",
      primaryClass   = "hep-ph",
      reportNumber   = "CERN-PH-TH-2013-199",
      SLACcitation   = "%%CITATION = ARXIV:1308.4771;%%",
}

@article{Azatov:2013xha,
      author         = "Azatov, Aleksandr and Paul, Ayan",
      title          = "{Probing Higgs couplings with high $p_T$ Higgs
                        production}",
      journal        = "JHEP",
      volume         = "01",
      pages          = "014",
      doi            = "10.1007/JHEP01(2014)014",
      year           = "2014",
      eprint         = "1309.5273",
      archivePrefix  = "arXiv",
      primaryClass   = "hep-ph",
      SLACcitation   = "%%CITATION = ARXIV:1309.5273;%%",
}

@article{Grojean:2013nya,
      author         = "Grojean, Christophe and Salvioni, Ennio and Schlaffer,
                        Matthias and Weiler, Andreas",
      title          = "{Very boosted Higgs in gluon fusion}",
      journal        = "JHEP",
      volume         = "05",
      pages          = "022",
      doi            = "10.1007/JHEP05(2014)022",
      year           = "2014",
      eprint         = "1312.3317",
      archivePrefix  = "arXiv",
      primaryClass   = "hep-ph",
      reportNumber   = "CERN-PH-TH-2013-292, DESY-13-233",
      SLACcitation   = "%%CITATION = ARXIV:1312.3317;%%",
}

@article{Dawson:2014ora,
      author         = "Dawson, S. and Lewis, I.M. and Zeng, Mao",
      title          = "{Effective field theory for Higgs boson plus jet
                        production}",
      journal        = "Phys. Rev. D",
      volume         = "90",
      pages          = "093007",
      doi            = "10.1103/PhysRevD.90.093007",
      year           = "2014",
      eprint         = "1409.6299",
      archivePrefix  = "arXiv",
      primaryClass   = "hep-ph",
      reportNumber   = "YITP-SB-14-35",
      SLACcitation   = "%%CITATION = ARXIV:1409.6299;%%",
}

@article{deFlorian:2012mx,
      author         = "de Florian, D. and Ferrera, G. and Grazzini, M. and
                        Tommasini, D.",
      title          = "{Higgs boson production at the LHC: transverse momentum
                        resummation effects in the $H\to2\gamma$, $H\to WW \to l \nu l \nu$ and
                        $H\to ZZ \to 4l$ decay modes}",
      journal        = "JHEP",
      volume         = "06",
      pages          = "132",
      doi            = "10.1007/JHEP06(2012)132",
      year           = "2012",
      eprint         = "1203.6321",
      archivePrefix  = "arXiv",
      primaryClass   = "hep-ph",
      reportNumber   = "ZU-TH-04-12, IFUM-993-FT",
      SLACcitation   = "%%CITATION = ARXIV:1203.6321;%%",
}

@article{Grazzini:2013mca,
      author         = "Grazzini, Massimiliano and Sargsyan, Hayk",
      title          = "{Heavy-quark mass effects in Higgs boson production at
                        the LHC}",
      journal        = "JHEP",
      volume         = "09",
      pages          = "129",
      doi            = "10.1007/JHEP09(2013)129",
      year           = "2013",
      eprint         = "1306.4581",
      archivePrefix  = "arXiv",
      primaryClass   = "hep-ph",
      reportNumber   = "ZU-TH-10-13",
      SLACcitation   = "%%CITATION = ARXIV:1306.4581;%%",
}

@article{Alioli:2008tz,
      author         = "Alioli, Simone and Nason, Paolo and Oleari, Carlo and Re,
                        Emanuele",
      title          = "{NLO Higgs boson production via gluon fusion matched with
                        shower in POWHEG}",
      journal        = "JHEP",
      volume         = "04",
      pages          = "002",
      doi            = "10.1088/1126-6708/2009/04/002",
      year           = "2009",
      eprint         = "0812.0578",
      archivePrefix  = "arXiv",
      primaryClass   = "hep-ph",
      SLACcitation   = "%%CITATION = ARXIV:0812.0578;%%",
}

@article{Nason:2009ai,
      author         = "Nason, Paolo and Oleari, Carlo",
      title          = "{NLO Higgs boson production via vector-boson fusion
                        matched with shower in POWHEG}",
      journal        = "JHEP",
      volume         = "02",
      pages          = "037",
      doi            = "10.1007/JHEP02(2010)037",
      year           = "2010",
      eprint         = "0911.5299",
      archivePrefix  = "arXiv",
      primaryClass   = "hep-ph",
      SLACcitation   = "%%CITATION = ARXIV:0911.5299;%%",
}

@article{Alwall:2014hca,
      author         = "Alwall, J. and Frederix, R. and Frixione, S. and Hirschi,
                        V. and Maltoni, F. and others",
      title          = "{The automated computation of tree-level and
                        next-to-leading order differential cross sections, and
                        their matching to parton shower simulations}",
      journal        = "JHEP",
      volume         = "07",
      pages          = "079",
      doi            = "10.1007/JHEP07(2014)079",
      year           = "2014",
      eprint         = "1405.0301",
      archivePrefix  = "arXiv",
      primaryClass   = "hep-ph",
      reportNumber   = "CERN-PH-TH-2014-064, CP3-14-18, LPN14-066, MCNET-14-09,
                        ZU-TH-14-14",
      SLACcitation   = "%%CITATION = ARXIV:1405.0301;%%",
}
      
@article{Lai:2010nw,
      author         = "Lai, Hung-Liang and Huston, Joey and Li, Zhao and
                        Nadolsky, Pavel and Pumplin, Jon and others",
      title          = "{Uncertainty induced by QCD coupling in the CTEQ global
                        analysis of parton distributions}",
      journal        = "Phys. Rev. D",
      volume         = "82",
      pages          = "054021",
      doi            = "10.1103/PhysRevD.82.054021",
      year           = "2010",
      eprint         = "1004.4624",
      archivePrefix  = "arXiv",
      primaryClass   = "hep-ph",
      reportNumber   = "MSUHEP-100421, SMU-HEP-10-07",
      SLACcitation   = "%%CITATION = ARXIV:1004.4624;%%",
}

@article{Lai:2010vv,
      author         = "Lai, Hung-Liang and Guzzi, Marco and Huston, Joey and Li,
                        Zhao and Nadolsky, Pavel M. and others",
      title          = "{New parton distributions for collider physics}",
      journal        = "Phys. Rev. D",
      volume         = "82",
      pages          = "074024",
      doi            = "10.1103/PhysRevD.82.074024",
      year           = "2010",
      eprint         = "1007.2241",
      archivePrefix  = "arXiv",
      primaryClass   = "hep-ph",
      reportNumber   = "MSUHEP-100707, SMU-HEP-10-10",
      SLACcitation   = "%%CITATION = ARXIV:1007.2241;%%",
}

@article{Agostinelli:2002hh,
      author         = "Agostinelli, S. and others",
      title          = "{GEANT4: A simulation toolkit}",
      collaboration  = "GEANT4",
      journal        = "Nucl. Instrum. Meth. A",
      volume         = "506",
      pages          = "250",
      doi            = "10.1016/S0168-9002(03)01368-8",
      year           = "2003",
      reportNumber   = "SLAC-PUB-9350, FERMILAB-PUB-03-339",
      SLACcitation   = "%%CITATION = NUIMA,A506,250;%%",
}

@unpublished{Adye:2011gm,
      author         = "Adye, Tim",
      title          = "{Unfolding algorithms and tests using RooUnfold}",
      pages          = "313-318",
      year           = "2011",
      eprint         = "1105.1160",
      archivePrefix  = "arXiv",
      primaryClass   = "physics.data-an",
      SLACcitation   = "%%CITATION = ARXIV:1105.1160;%%",
}

@article{Hocker:1995kb,
      author         = "Hocker, Andreas and Kartvelishvili, Vakhtang",
      title          = "{SVD approach to data unfolding}",
      journal        = "Nucl. Instrum. Meth. A",
      volume         = "372",
      pages          = "469",
      doi            = "10.1016/0168-9002(95)01478-0",
      year           = "1996",
      eprint         = "hep-ph/9509307",
      archivePrefix  = "arXiv",
      primaryClass   = "hep-ph",
      reportNumber   = "M-C-TH-95-15, LAL-95-55",
      SLACcitation   = "%%CITATION = HEP-PH/9509307;%%",
}


@TECHREPORT{CMS:2013vea,
      collaboration  = "CMS",
      title          = "{Performance of b tagging at $\sqrt{s}=8$~TeV in multijet,
                        $t\bar t$ and boosted topology events}",
      TYPE  = "CMS Physics Analysis Summary",
      number= "CMS-PAS-BTV-13-001",
      year           = "2013",
      url            = "https://cds.cern.ch/record/1581306",
      number         = "CMS-PAS-BTV-13-001",
      reportNumber   = "CMS-PAS-BTV-13-001",
      SLACcitation   = "%%CITATION = CMS-PAS-BTV-13-001 ETC.;%%",
}

@article{Chatrchyan:2013lba,
      author         = "Chatrchyan, Serguei and others",
      title          = "{Observation of a new boson with mass near 125 GeV in pp
                        collisions at $\sqrt{s}$ = 7 and 8 TeV}",
      collaboration  = "CMS",
      journal        = "JHEP",
      volume         = "06",
      year           = "2013",
      pages          = "081",
      doi            = "10.1007/JHEP06(2013)081",
      eprint         = "1303.4571",
      archivePrefix  = "arXiv",
      primaryClass   = "hep-ex",
      reportNumber   = "CMS-HIG-12-036, CERN-PH-EP-2013-035",
      SLACcitation   = "%%CITATION = ARXIV:1303.4571;%%"
}


@article{Aad:2015gba,
      author         = "Aad, Georges and others",
      title          = "{Measurements of the Higgs boson production and decay
                        rates and coupling strengths using pp collision data at
                        $\sqrt{s}=7$ and 8 TeV in the ATLAS experiment}",
      collaboration  = "ATLAS",
      journal        = "Eur. Phys. J. C",
      volume         = "76",
      year           = "2016",
      pages          = "6",
      doi            = "10.1140/epjc/s10052-015-3769-y",
      eprint         = "1507.04548",
      archivePrefix  = "arXiv",
      primaryClass   = "hep-ex",
      reportNumber   = "CERN-PH-EP-2015-125",
      SLACcitation   = "%%CITATION = ARXIV:1507.04548;%%"
}
@article{Cowan:2002in,
      author         = "Cowan, G.",
      title          = "{A survey of unfolding methods for particle physics}",
      booktitle      = "{Advanced statistical techniques in particle physics.
                        Proceedings, Conference, Durham, UK, March 18-22, 2002}",
      journal        = "Conf. Proc.",
      volume         = "C0203181",
      year           = "2002",
      pages          = "248",
      SLACcitation   = "%%CITATION = CONFP,C0203181,248;%%"
}

@article{Lavesson:2008ah,
      author         = "Lavesson, Nils and Lonnblad, Leif",
      title          = "{Extending CKKW-merging to one-loop matrix elements}",
      journal        = "JHEP",
      volume         = "12",
      year           = "2008",
      pages          = "070",
      doi            = "10.1088/1126-6708/2008/12/070",
      eprint         = "0811.2912",
      archivePrefix  = "arXiv",
      primaryClass   = "hep-ph",
      reportNumber   = "LU-TP-08-20, MCNET-08-13",
      SLACcitation   = "%%CITATION = ARXIV:0811.2912;%%"
}
@article{Kramer:2005hw,
      author         = "Kr{\"a}mer, Michael and Mrenna, Stephen and Soper, Davison
                        E.",
      title          = "{Next-to-leading order QCD jet production with parton
                        showers and hadronization}",
      journal        = "Phys. Rev. D",
      volume         = "73",
      year           = "2006",
      pages          = "014022",
      doi            = "10.1103/PhysRevD.73.014022",
      eprint         = "hep-ph/0509127",
      archivePrefix  = "arXiv",
      primaryClass   = "hep-ph",
      reportNumber   = "FERMILAB-PUB-05-599-CD-T",
      SLACcitation   = "%%CITATION = HEP-PH/0509127;%%"
}
@article{Frixione:2007vw,
      author         = "Frixione, Stefano and Nason, Paolo and Oleari, Carlo",
      title          = "{Matching NLO QCD computations with Parton Shower
                        simulations: the POWHEG method}",
      journal        = "JHEP",
      volume         = "11",
      year           = "2007",
      pages          = "070",
      doi            = "10.1088/1126-6708/2007/11/070",
      eprint         = "0709.2092",
      archivePrefix  = "arXiv",
      primaryClass   = "hep-ph",
      reportNumber   = "BICOCCA-FT-07-9, GEF-TH-21-2007",
      SLACcitation   = "%%CITATION = ARXIV:0709.2092;%%"
}
@article{Alioli:2011as,
      author         = "Alioli, Simone and Moch, Sven-Olaf and Uwer, Peter",
      title          = "{Hadronic top-quark pair-production with one jet and
                        parton showering}",
      journal        = "JHEP",
      volume         = "01",
      year           = "2012",
      pages          = "137",
      doi            = "10.1007/JHEP01(2012)137",
      eprint         = "1110.5251",
      archivePrefix  = "arXiv",
      primaryClass   = "hep-ph",
      reportNumber   = "DESY-11-122, HU-EP-11-36, LPN-11-39, SFB-CPP-11-41",
      SLACcitation   = "%%CITATION = ARXIV:1110.5251;%%"
}
@article{Alioli:2010xd,
      author         = "Alioli, Simone and Nason, Paolo and Oleari, Carlo and Re,
                        Emanuele",
      title          = "{A general framework for implementing NLO calculations in
                        shower Monte Carlo programs: the POWHEG BOX}",
      journal        = "JHEP",
      volume         = "06",
      year           = "2010",
      pages          = "043",
      doi            = "10.1007/JHEP06(2010)043",
      eprint         = "1002.2581",
      archivePrefix  = "arXiv",
      primaryClass   = "hep-ph",
      reportNumber   = "DESY-10-018, SFB-CPP-10-22, IPPP-10-11, DCPT-10-22",
      SLACcitation   = "%%CITATION = ARXIV:1002.2581;%%"
}
@article{Bagnaschi:2011tu,
      author         = "Bagnaschi, E. and Degrassi, G. and Slavich, P. and
                        Vicini, A.",
      title          = "{Higgs production via gluon fusion in the POWHEG approach
                        in the SM and in the MSSM}",
      journal        = "JHEP",
      volume         = "02",
      year           = "2012",
      pages          = "088",
      doi            = "10.1007/JHEP02(2012)088",
      eprint         = "1111.2854",
      archivePrefix  = "arXiv",
      primaryClass   = "hep-ph",
      reportNumber   = "RM3-TH-11-5, IFUM-990-FT",
      SLACcitation   = "%%CITATION = ARXIV:1111.2854;%%"
}
@article{Gao:2010qx,
      author         = "Gao, Yanyan and Gritsan, Andrei V. and Guo, Zijin and
                        Melnikov, Kirill and Schulze, Markus and Tran, Nhan V.",
      title          = "{Spin determination of single-produced resonances at
                        hadron colliders}",
      journal        = "Phys. Rev. D",
      volume         = "81",
      year           = "2010",
      pages          = "075022",
      doi            = "10.1103/PhysRevD.81.075022",
      eprint         = "1001.3396",
      archivePrefix  = "arXiv",
      primaryClass   = "hep-ph",
      reportNumber   = "FERMILAB-PUB-10-011-E",
      SLACcitation   = "%%CITATION = ARXIV:1001.3396;%%"
}
@article{Bolognesi:2012mm,
      author         = "Bolognesi, Sara and Gao, Yanyan and Gritsan, Andrei V.
                        and Melnikov, Kirill and Schulze, Markus and Tran, Nhan V.
                        and Whitbeck, Andrew",
      title          = "{Spin and parity of a single-produced resonance at
                        the LHC}",
      journal        = "Phys. Rev. D",
      volume         = "86",
      year           = "2012",
      pages          = "095031",
      doi            = "10.1103/PhysRevD.86.095031",
      eprint         = "1208.4018",
      archivePrefix  = "arXiv",
      primaryClass   = "hep-ph",
      reportNumber   = "ANL-HEP-PR-12-62, FERMILAB-PUB-12-475-PPD",
      SLACcitation   = "%%CITATION = ARXIV:1208.4018;%%"
}
@article{Anderson:2013afp,
      author         = "Anderson, Ian and others",
      title          = "{Constraining anomalous $HVV$ interactions at proton and
                        lepton colliders}",
      booktitle      = "{Community Summer Study 2013: Snowmass on the Mississippi
                        (CSS2013) Minneapolis, MN, USA, July 29-August 6, 2013}",
      journal        = "Phys. Rev. D",
      volume         = "89",
      year           = "2014",
      pages          = "035007",
      doi            = "10.1103/PhysRevD.89.035007",
      eprint         = "1309.4819",
      archivePrefix  = "arXiv",
      primaryClass   = "hep-ph",
      reportNumber   = "FERMILAB-PUB-13-386-PPD",
      SLACcitation   = "%%CITATION = ARXIV:1309.4819;%%"
}
@article{Sjostrand:2007gs,
      author         = "Sj{\"o}strand, Torbjorn and Mrenna, Stephen and Skands, Peter
                        Z.",
      title          = "{A Brief Introduction to PYTHIA 8.1}",
      journal        = "Comput. Phys. Commun.",
      volume         = "178",
      year           = "2008",
      pages          = "852",
      doi            = "10.1016/j.cpc.2008.01.036",
      eprint         = "0710.3820",
      archivePrefix  = "arXiv",
      primaryClass   = "hep-ph",
      reportNumber   = "CERN-LCGAPP-2007-04, LU-TP-07-28,
                        FERMILAB-PUB-07-512-CD-T",
      SLACcitation   = "%%CITATION = ARXIV:0710.3820;%%"
}
@article{CMS:2011aa,
      author         = "Chatrchyan, Serguei and others",
      title          = "{Measurement of the Inclusive W and Z Production
                        Cross Sections in pp Collisions at $\sqrt{s}=7$ TeV}",
      collaboration  = "CMS",
      journal        = "JHEP",
      volume         = "10",
      year           = "2011",
      pages          = "132",
      doi            = "10.1007/JHEP10(2011)132",
      eprint         = "1107.4789",
      archivePrefix  = "arXiv",
      primaryClass   = "hep-ex",
      reportNumber   = "CERN-PH-EP-2011-107, CMS-EWK-10-005",
      SLACcitation   = "%%CITATION = ARXIV:1107.4789;%%",
}

@article{DAgostini:1994zf,
      author         = "D'Agostini, G.",
      title          = "{A Multidimensional unfolding method based on Bayes'
                        theorem}",
      journal        = "Nucl. Instrum. Meth. A",
      volume         = "362",
      year           = "1995",
      pages          = "487-498",
      doi            = "10.1016/0168-9002(95)00274-X",
      reportNumber   = "DESY-94-099",
      SLACcitation   = "%%CITATION = NUIMA,A362,487;%%"
}

@techreport{Heinemeyer:2013tqa,
      author         = "{LHC Higgs Cross Section Working Group}",
      title          = "{Handbook of LHC Higgs cross sections: 3. Higgs
                        properties}",
      doi            = "10.5170/CERN-2013-004",
      year           = "2013",
      eprint         = "1307.1347",
      archivePrefix  = "arXiv",
      primaryClass   = "hep-ph",
      type           = "CERN Report",
      Number   = "CERN-2013-004",
      SLACcitation   = "%%CITATION = ARXIV:1307.1347;%%",
}
@article{Stewart:2011cf,
      author         = "Stewart, Iain W. and Tackmann, Frank J.",
      title          = "{Theory uncertainties for Higgs and other searches using
                        jet bins}",
      journal        = "Phys. Rev. D",
      volume         = "85",
      year           = "2012",
      pages          = "034011",
      doi            = "10.1103/PhysRevD.85.034011",
      eprint         = "1107.2117",
      archivePrefix  = "arXiv",
      primaryClass   = "hep-ph",
      SLACcitation   = "%%CITATION = ARXIV:1107.2117;%%"
}
@article{Binoth:2006mf,
      author         = "Binoth, T. and Ciccolini, M. and Kauer, N. and Kr{\"a}mer,
                        M.",
      title          = "{Gluon-induced $W$-boson pair production at the LHC}",
      journal        = "JHEP",
      volume         = "12",
      year           = "2006",
      pages          = "046",
      doi            = "10.1088/1126-6708/2006/12/046",
      eprint         = "hep-ph/0611170",
      archivePrefix  = "arXiv",
      primaryClass   = "hep-ph",
      reportNumber   = "EDINBURGH-2006-23, PITHA-06-12, PSI-PR-06-13",
      SLACcitation   = "%%CITATION = HEP-PH/0611170;%%"
}
@article{Chatrchyan:2012jua,
      author         = "Chatrchyan, Serguei and others",
      title          = "{Identification of b-quark jets with the CMS experiment}",
      collaboration  = "CMS",
      journal        = "JINST",
      volume         = "8",
      year           = "2013",
      pages          = "P04013",
      doi            = "10.1088/1748-0221/8/04/P04013",
      eprint         = "1211.4462",
      archivePrefix  = "arXiv",
      primaryClass   = "hep-ex",
      reportNumber   = "CMS-BTV-12-001, CERN-PH-EP-2012-262",
      SLACcitation   = "%%CITATION = ARXIV:1211.4462;%%"
}
@proceedings{Prosper:1306523,
      author        = "Prosper, Harrison B and Lyons, Louis",
      title         = "{}",
      organization  = "CERN",
      publisher     = "CERN",
      address       = "Geneva",
      year          = "2011",
      url           = "https://cds.cern.ch/record/1306523",
}

@article{Khachatryan:2015rxa,
      author         = "Khachatryan, Vardan and others",
      title          = "{Measurement of differential cross sections for Higgs
                        boson production in the diphoton decay channel in pp
                        collisions at $\sqrt{s}=8\,\text {TeV} $}",
      collaboration  = "CMS",
      journal        = "Eur. Phys. J. C",
      volume         = "76",
      year           = "2016",
      pages          = "13",
      doi            = "10.1140/epjc/s10052-015-3853-3",
      eprint         = "1508.07819",
      archivePrefix  = "arXiv",
      primaryClass   = "hep-ex",
      reportNumber   = "CMS-HIG-14-016, CERN-PH-EP-2015-195",
      SLACcitation   = "%%CITATION = ARXIV:1508.07819;%%"
}
@article{Passarino:2013bha,
      author         = "Passarino, Giampiero",
      title          = "{Higgs CAT}",
      journal        = "Eur. Phys. J. C",
      volume         = "74",
      year           = "2014",
      pages          = "2866",
      doi            = "10.1140/epjc/s10052-014-2866-7",
      eprint         = "1312.2397",
      archivePrefix  = "arXiv",
      primaryClass   = "hep-ph",
      SLACcitation   = "%%CITATION = ARXIV:1312.2397;%%"
}
@article{Bonvini:2013jha,
      author         = "Bonvini, Marco and Caola, Fabrizio and Forte, Stefano and
                        Melnikov, Kirill and Ridolfi, Giovanni",
      title          = "{Signal-background interference effects for
                        $gg\rightarrow H \rightarrow W^+ W^-$ beyond leading order}",
      journal        = "Phys. Rev. D",
      volume         = "88",
      year           = "2013",
      pages          = "034032",
      doi            = "10.1103/PhysRevD.88.034032",
      eprint         = "1304.3053",
      archivePrefix  = "arXiv",
      primaryClass   = "hep-ph",
      reportNumber   = "DESY-13-059, IFUM-1011-FT",
      SLACcitation   = "%%CITATION = ARXIV:1304.3053;%%"
}
@article{Moch:2004pa,
      author         = "Moch, S. and Vermaseren, J. A. M. and Vogt, A.",
      title          = "{The Three loop splitting functions in QCD: The
                        Nonsinglet case}",
      journal        = "Nucl. Phys. B",
      volume         = "688",
      year           = "2004",
      pages          = "101-134",
      doi            = "10.1016/j.nuclphysb.2004.03.030",
      eprint         = "hep-ph/0403192",
      archivePrefix  = "arXiv",
      primaryClass   = "hep-ph",
      reportNumber   = "DESY-04-047, SFB-CPP-04-09, NIKHEF-04-001",
      SLACcitation   = "%%CITATION = HEP-PH/0403192;%%"
}
@article{Bredenstein:2006rh,
      author         = "Bredenstein, A. and Denner, Ansgar and Dittmaier, S. and
                        Weber, M. M.",
      title          = "{Precise predictions for the Higgs-boson decay H$\rightarrow$WW/ZZ$\rightarrow$4 leptons}",
      journal        = "Phys. Rev. D",
      volume         = "74",
      year           = "2006",
      pages          = "013004",
      doi            = "10.1103/PhysRevD.74.013004",
      eprint         = "hep-ph/0604011",
      archivePrefix  = "arXiv",
      primaryClass   = "hep-ph",
      reportNumber   = "MPP-2005-24, PSI-PR-06-05",
      SLACcitation   = "%%CITATION = HEP-PH/0604011;%%"
}

@article{Bozzi:2005wk,
      author         = "Bozzi, Giuseppe and Catani, Stefano and de Florian,
                        Daniel and Grazzini, Massimiliano",
      title          = "{Transverse-momentum resummation and the spectrum of the
                        Higgs boson at the LHC}",
      journal        = "Nucl. Phys. B",
      volume         = "737",
      year           = "2006",
      pages          = "73",
      doi            = "10.1016/j.nuclphysb.2005.12.022",
      eprint         = "hep-ph/0508068",
      archivePrefix  = "arXiv",
      primaryClass   = "hep-ph",
      SLACcitation   = "%%CITATION = HEP-PH/0508068;%%"
}
@article{Actis:2008ug,
      author         = "Actis, Stefano and Passarino, Giampiero and Sturm,
                        Christian and Uccirati, Sandro",
      title          = "{NLO Electroweak Corrections to Higgs Boson Production at
                        Hadron Colliders}",
      journal        = "Phys. Lett. B",
      volume         = "670",
      year           = "2008",
      pages          = "12",
      doi            = "10.1016/j.physletb.2008.10.018",
      eprint         = "0809.1301",
      archivePrefix  = "arXiv",
      primaryClass   = "hep-ph",
      reportNumber   = "PITHA-08-20, SFB-CPP-08-62, TTP08-38",
      SLACcitation   = "%%CITATION = ARXIV:0809.1301;%%"
}
@article{Catani:2003zt,
      author         = "Catani, Stefano and de Florian, Daniel and Grazzini,
                        Massimiliano and Nason, Paolo",
      title          = "{Soft gluon resummation for Higgs boson production at
                        hadron colliders}",
      journal        = "JHEP",
      volume         = "07",
      year           = "2003",
      pages          = "028",
      doi            = "10.1088/1126-6708/2003/07/028",
      eprint         = "hep-ph/0306211",
      archivePrefix  = "arXiv",
      primaryClass   = "hep-ph",
      reportNumber   = "BICOCCA-FT-03-12, CERN-TH-2003-117",
      SLACcitation   = "%%CITATION = HEP-PH/0306211;%%"
}
@unpublished{Frixione:2010wd,
      author         = "Frixione, Stefano and Stoeckli, Fabian and Torrielli,
                        Paolo and Webber, Bryan R. and White, Chris D.",
      title          = "{The MC@NLO 4.0 Event Generator}",
      year           = "2010",
      eprint         = "1010.0819",
      archivePrefix  = "arXiv",
      primaryClass   = "hep-ph",
      reportNumber   = "CAVENDISH-HEP-10-12, CERN-TH-2010-216, IPPP-10-62,
                        DCPT-10-124",
      SLACcitation   = "%%CITATION = ARXIV:1010.0819;%%"
}
@unpublished{Alekhin:2011sk,
      author         = "Alekhin, Sergey and others",
      title          = "{The PDF4LHC Working Group Interim Report}",
      year           = "2011",
      eprint         = "1101.0536",
      archivePrefix  = "arXiv",
      primaryClass   = "hep-ph",
      SLACcitation   = "%%CITATION = ARXIV:1101.0536;%%"
}
@unpublished{Botje:2011sn,
      author         = "Botje, Michiel and others",
      title          = "{The PDF4LHC Working Group Interim Recommendations}",
      year           = "2011",
      eprint         = "1101.0538",
      archivePrefix  = "arXiv",
      primaryClass   = "hep-ph",
      SLACcitation   = "%%CITATION = ARXIV:1101.0538;%%"
}
@article{Ball:2011mu,
      author         = "Ball, Richard D. and Bertone, Valerio and Cerutti,
                        Francesco and Del Debbio, Luigi and Forte, Stefano and
                        Guffanti, Alberto and Latorre, Jose I. and Rojo, Juan and
                        Ubiali, Maria",
      title          = "{Impact of Heavy Quark Masses on Parton Distributions and
                        LHC Phenomenology}",
      journal        = "Nucl. Phys. B",
      volume         = "849",
      year           = "2011",
      pages          = "296",
      doi            = "10.1016/j.nuclphysb.2011.03.021",
      eprint         = "1101.1300",
      archivePrefix  = "arXiv",
      primaryClass   = "hep-ph",
      reportNumber   = "EDINBURGH-2011-01, IFUM-969-FT, FR-PHENO-2010-043,
                        RWTH-TTK-11-02",
      SLACcitation   = "%%CITATION = ARXIV:1101.1300;%%"
}
@article{Martin:2009iq,
      author         = "Martin, A. D. and Stirling, W. J. and Thorne, R. S. and
                        Watt, G.",
      title          = "{Parton distributions for the LHC}",
      journal        = "Eur. Phys. J. C",
      volume         = "63",
      year           = "2009",
      pages          = "189",
      doi            = "10.1140/epjc/s10052-009-1072-5",
      eprint         = "0901.0002",
      archivePrefix  = "arXiv",
      primaryClass   = "hep-ph",
      reportNumber   = "IPPP-08-95, DCPT-08-190, CAVENDISH-HEP-08-16",
      SLACcitation   = "%%CITATION = ARXIV:0901.0002;%%"
}
@article{Khachatryan:2015hwa,
      author         = "Khachatryan, Vardan and others",
      title          = "{Performance of Electron Reconstruction and Selection
                        with the CMS Detector in Proton-Proton Collisions at
                        $\sqrt{s} = $ 8 TeV}",
      collaboration  = "CMS",
      journal        = "JINST",
      volume         = "10",
      year           = "2015",
      number         = "06",
      pages          = "P06005",
      doi            = "10.1088/1748-0221/10/06/P06005",
      eprint         = "1502.02701",
      archivePrefix  = "arXiv",
      primaryClass   = "physics.ins-det",
      reportNumber   = "CMS-EGM-13-001, CERN-PH-EP-2015-004",
      SLACcitation   = "%%CITATION = ARXIV:1502.02701;%%"
}
@TECHREPORT{CMS:2009nxa,
      title          = "{Particle-Flow Event Reconstruction in CMS and
                        Performance for Jets, Taus, and MET}",
      collaboration  = "CMS",
      year           = "2009",
      TYPE           = "CMS Physics Analysis Summary",
      NUMBER         = "CMS-PAS-PFT-09-001",
      reportNumber   = "CMS-PAS-PFT-09-001",
      SLACcitation   = "%%CITATION = CMS-PAS-PFT-09-001;%%"
}
@TECHREPORT{CMS-PAS-PFT-10-001,
      AUTHOR      = "{CMS Collaboration}",
      COLLABORATION = "CMS",
      TITLE       = "{Commissioning of the particle-flow event reconstruction with the first {LHC} 
                          collisions recorded in the {CMS} detector}",
      URL         = "http://cdsweb.cern.ch/record/1247373",
      TYPE        = "CMS Physics Analysis Summary",
      NUMBER      = "CMS-PAS-PFT-10-001",
      reportNumber      = "CMS-PAS-PFT-10-001",
      YEAR        = "2010"
}

@techreport{CMS-PAS-PFT-10-002,
      AUTHOR      = "{CMS Collaboration}",
      title          = "{Commissioning of the Particle-Flow reconstruction in
                        Minimum-Bias and Jet Events from pp Collisions at 7 TeV}",
      collaboration  = "CMS",
      TYPE        = "CMS Physics Analysis Summary",
      number        = "CMS-PAS-PFT-10-002",
      year           = "2010",
      reportNumber   = "CMS-PAS-PFT-10-002",      
      url            = "https://cds.cern.ch/record/1279341"
}

@techreport{CMS-PAS-PFT-10-003,
      AUTHOR      = "{CMS Collaboration}",
      title         = "{Particle-flow commissioning with muons and electrons
                       from
  J/Psi and W events at 7 TeV}",
      collaboration = "CMS",
      TYPE        = "CMS Physics Analysis Summary",
      number        = "CMS-PAS-PFT-10-003",
      year          = "2010",
      reportNumber  = "CMS-PAS-PFT-10-003",
      url           = "https://cds.cern.ch/record/1279347",
}
@article{Chatrchyan:2013sba,
      author         = "Chatrchyan, Serguei and others",
      title          = "{The performance of the CMS muon detector in
                        proton-proton collisions at sqrt(s) = 7 TeV at the LHC}",
      collaboration  = "CMS",
      journal        = "JINST",
      volume         = "8",
      year           = "2013",
      pages          = "P11002",
      doi            = "10.1088/1748-0221/8/11/P11002",
      eprint         = "1306.6905",
      archivePrefix  = "arXiv",
      primaryClass   = "physics.ins-det",
      reportNumber   = "CMS-MUO-11-001, CERN-PH-EP-2013-072",
      SLACcitation   = "%%CITATION = ARXIV:1306.6905;%%"
}
@article{Khachatryan:2015iwa,
      author         = "Khachatryan, Vardan and others",
      title          = "{Performance of Photon Reconstruction and Identification
                        with the CMS Detector in Proton-Proton Collisions at
                        sqrt(s) = 8 TeV}",
      collaboration  = "CMS",
      journal        = "JINST",
      volume         = "10",
      year           = "2015",
      pages          = "P08010",
      doi            = "10.1088/1748-0221/10/08/P08010",
      eprint         = "1502.02702",
      archivePrefix  = "arXiv",
      primaryClass   = "physics.ins-det",
      reportNumber   = "CMS-EGM-14-001, CERN-PH-EP-2015-006",
      SLACcitation   = "%%CITATION = ARXIV:1502.02702;%%"
}

@article{Jadach:1990mz,
      author         = "Jadach, Stanislaw and Kuhn, Johann H. and Was, Zbigniew",
      title          = "{TAUOLA: A Library of Monte Carlo programs to simulate
                        decays of polarized tau leptons}",
      journal        = "Comput. Phys. Commun.",
      volume         = "64",
      year           = "1990",
      pages          = "275",
      doi            = "10.1016/0010-4655(91)90038-M",
      reportNumber   = "CERN-TH-5856-90",
      SLACcitation   = "%%CITATION = CPHCB,64,275;%%"
}
@article{Khachatryan:2014gga,
      author         = "Khachatryan, Vardan and others",
      title          = "{Performance of the CMS missing transverse momentum
                        reconstruction in pp data at $\sqrt{s}$ = 8 TeV}",
      collaboration  = "CMS",
      journal        = "JINST",
      volume         = "10",
      year           = "2015",
      number         = "02",
      pages          = "P02006",
      doi            = "10.1088/1748-0221/10/02/P02006",
      eprint         = "1411.0511",
      archivePrefix  = "arXiv",
      primaryClass   = "physics.ins-det",
      reportNumber   = "CMS-JME-13-003, CERN-PH-EP-2014-246",
      SLACcitation   = "%%CITATION = ARXIV:1411.0511;%%"
}
@article{Chatrchyan:2011ds,
      author         = "Chatrchyan, Serguei and others",
      title          = "{Determination of Jet Energy Calibration and Transverse
                        Momentum Resolution in CMS}",
      collaboration  = "CMS",
      journal        = "JINST",
      volume         = "6",
      year           = "2011",
      pages          = "P11002",
      doi            = "10.1088/1748-0221/6/11/P11002",
      eprint         = "1107.4277",
      archivePrefix  = "arXiv",
      primaryClass   = "physics.ins-det",
      reportNumber   = "CERN-PH-EP-2011-102, CMS-JME-10-011",
      SLACcitation   = "%%CITATION = ARXIV:1107.4277;%%"
}

	
@article{Bolzoni:2010xr,
      author         = "Bolzoni, Paolo and Maltoni, Fabio and Moch, Sven-Olaf and
                        Zaro, Marco",
      title          = "{Higgs production via vector-boson fusion at NNLO in
                        QCD}",
      journal        = "Phys.Rev.Lett.",
      volume         = "105",
      pages          = "011801",
      doi            = "10.1103/PhysRevLett.105.011801",
      year           = "2010",
      eprint         = "1003.4451",
      archivePrefix  = "arXiv",
      primaryClass   = "hep-ph",
      reportNumber   = "DESY-10-042, SFB-CPP-10-23, CP3-10-12",
      SLACcitation   = "%%CITATION = ARXIV:1003.4451;%%",
}
@article{Bolzoni:2011cu,
      author         = "Bolzoni, Paolo and Maltoni, Fabio and Moch, Sven-Olaf and
                        Zaro, Marco",
      title          = "{Vector boson fusion at NNLO in QCD: SM Higgs and
                        beyond}",
      journal        = "Phys.Rev.",
      volume         = "D85",
      pages          = "035002",
      doi            = "10.1103/PhysRevD.85.035002",
      year           = "2012",
      eprint         = "1109.3717",
      archivePrefix  = "arXiv",
      primaryClass   = "hep-ph",
      reportNumber   = "DESY-11-153, CP3-11-28, LPN-11-51, SFB-CPP-11-50",
      SLACcitation   = "%%CITATION = ARXIV:1109.3717;%%",
}
@techreport{CMS-PAS-HIG-14-009,
      title         = "{Precise determination of the mass of the Higgs boson
and
                       studies of the compatibility of its couplings with the
                       standard model}",
      institution   = "CERN",
      collaboration = "CMS Collaboration",
      address       = "Geneva",
      number        = "CMS-PAS-HIG-14-009",
      year          = "2014",
}
@techreport{CMS-PAS-HIG-14-014,
      title         = "{Constraints on anomalous HVV interactions using H to 4l
                       decays}",
      institution   = "CERN",
      collaboration = "CMS Collaboration",
      address       = "Geneva",
      number        = "CMS-PAS-HIG-14-014",
      year          = "2014",
}
@techreport{CMS-PAS-HIG-14-018,
      title         = "{Constraints on anomalous HVV interactions with the CMS experiment}",
      collaboration = "CMS Collaboration",
      number        = "CMS-PAS-HIG-14-018",
      year          = "2014",
}

@article{Bonvini:2013jha,
      author         = "Bonvini, Marco and Caola, Fabrizio and Forte, Stefano and
                        Melnikov, Kirill and Ridolfi, Giovanni",
      title          = "{Signal-background interference effects for
                        $gg\to H\to W^+W^-$ beyond leading order}",
      journal        = "Phys.Rev.",
      number         = "3",
      volume         = "D88",
      pages          = "034032",
      doi            = "10.1103/PhysRevD.88.034032",
      year           = "2013",
      eprint         = "1304.3053",
      archivePrefix  = "arXiv",
      primaryClass   = "hep-ph",
      reportNumber   = "DESY-13-059, IFUM-1011-FT",
      SLACcitation   = "%%CITATION = ARXIV:1304.3053;%%",
}

@article{Chatrchyan:2013iaa,
      author         = "Chatrchyan, Serguei and others",
      title          = "{Measurement of Higgs boson production and properties in
                        the WW decay channel with leptonic final states}",
      collaboration  = "CMS Collaboration",
      journal        = "JHEP",
      volume         = "1401",
      pages          = "096",
      doi            = "10.1007/JHEP01(2014)096",
      year           = "2014",
      eprint         = "1312.1129",
      archivePrefix  = "arXiv",
      primaryClass   = "hep-ex",
      reportNumber   = "CMS-HIG-13-023, CERN-PH-EP-2013-221",
      SLACcitation   = "%%CITATION = ARXIV:1312.1129;%%",
}
@article{Chatrchyan:2012br,
      author         = "Chatrchyan, Serguei and others",
      title          = "{Study of the Mass and Spin-Parity of the Higgs Boson Candidate via Its Decays to Z Boson Pairs}",
      collaboration  = "CMS",
      journal = "Phys. Rev. Lett.",
      volume = "110",
      pages = "081803",
      numpages = "15",
      doi = "10.1103/PhysRevLett.110.081803",
      year = "2013",
      eprint         = "1212.6639",
      archivePrefix  = "arXiv",
      primaryClass   = "hep-ex",
      reportNumber   = "CMS-HIG-12-041, CERN-PH-EP-2012-372",
      SLACcitation   = "%%CITATION = ARXIV:1212.6639;%%",
}
@article{Aad:2013wqa,
      author         = "Aad, Georges and others",
      title          = "{Measurements of Higgs boson production and couplings in
                        diboson final states with the ATLAS detector at the LHC}",
      collaboration  = "ATLAS",
      journal        = "Phys. Lett. B",
      volume         = "726",
      pages          = "88",
      doi            = "10.1016/j.physletb.2013.08.010",
      year           = "2013",
      eprint         = "1307.1427",
      archivePrefix  = "arXiv",
      primaryClass   = "hep-ex",
      reportNumber   = "CERN-PH-EP-2013-103",
      SLACcitation   = "%%CITATION = ARXIV:1307.1427;%%",
}
@article{Aad:2013xqa,
      author         = "Aad, Georges and others",
      title          = "{Evidence for the spin-0 nature of the Higgs boson using
                        ATLAS data}",
      collaboration  = "ATLAS",
      journal        = "Phys. Lett. B",
      volume         = "726",
      pages          = "120",
      doi            = "10.1016/j.physletb.2013.08.026",
      year           = "2013",
      eprint         = "1307.1432",
      archivePrefix  = "arXiv",
      primaryClass   = "hep-ex",
      reportNumber   = "CERN-PH-EP-2013-102",
      SLACcitation   = "%%CITATION = ARXIV:1307.1432;%%",
}
@article{Chatrchyan:2013mxa,
      author         = "Chatrchyan, Serguei and others",
      title          = "{Measurement of the properties of a Higgs boson in the
                        four-lepton final state}",
      collaboration  = "CMS Collaboration",
      journal        = "Phys.Rev.",
      volume         = "D89",
      pages          = "092007",
      doi            = "10.1103/PhysRevD.89.092007",
      year           = "2014",
      eprint         = "1312.5353",
      archivePrefix  = "arXiv",
      primaryClass   = "hep-ex",
      reportNumber   = "CMS-HIG-13-002, CERN-PH-EP-2013-220",
      SLACcitation   = "%%CITATION = ARXIV:1312.5353;%%",
}
@article{Caola:2013yja,
      author         = "Caola, Fabrizio and Melnikov, Kirill",
      title          = "{Constraining the Higgs boson width with ZZ production at
                        the LHC}",
      journal        = "Phys.Rev.",
      volume         = "D88",
      pages          = "054024",
      doi            = "10.1103/PhysRevD.88.054024",
      year           = "2013",
      eprint         = "1307.4935",
      archivePrefix  = "arXiv",
      primaryClass   = "hep-ph",
      SLACcitation   = "%%CITATION = ARXIV:1307.4935;%%",
}
@article{Campbell:2013una,
      author         = "Campbell, John M. and Ellis, R. Keith and Williams,
                        Ciaran",
      title          = "{Bounding the Higgs width at the LHC using full analytic
                        results for $gg -> e^- e^+ \mu^- \mu^+$}",
      journal        = "JHEP",
      volume         = "1404",
      pages          = "060",
      doi            = "10.1007/JHEP04(2014)060",
      year           = "2014",
      eprint         = "1311.3589",
      archivePrefix  = "arXiv",
      primaryClass   = "hep-ph",
      reportNumber   = "FERMILAB-PUB-13-508-T",
      SLACcitation   = "%%CITATION = ARXIV:1311.3589;%%",
}
@article{Passarino:2013bha,
      author         = "Passarino, Giampiero",
      title          = "{Higgs CAT}",
      journal        = "Eur.Phys.J.",
      volume         = "C74",
      pages          = "2866",
      doi            = "10.1140/epjc/s10052-014-2866-7",
      year           = "2014",
      eprint         = "1312.2397",
      archivePrefix  = "arXiv",
      primaryClass   = "hep-ph",
      SLACcitation   = "%%CITATION = ARXIV:1312.2397;%%",
}
@article{Kauer:2012hd,
      author         = "Kauer, Nikolas and Passarino, Giampiero",
      title          = "{Inadequacy of zero-width approximation for a light Higgs
                        boson signal}",
      journal        = "JHEP",
      volume         = "1208",
      pages          = "116",
      doi            = "10.1007/JHEP08(2012)116",
      year           = "2012",
      eprint         = "1206.4803",
      archivePrefix  = "arXiv",
      primaryClass   = "hep-ph",
      SLACcitation   = "%%CITATION = ARXIV:1206.4803;%%",
}
@unpublished{Binoth:2008pr,
     author    = "Binoth, T. and Kauer, N. and Mertsch, P.",
     title     = "{Gluon-induced QCD corrections to pp $\to \cPZ\cPZ \to
                  \ell\bar{\ell}\ell'\bar{\ell'}$}",
      pages          = "142",
      doi            = "10.3360/dis.2008.142",
      year           = "2008",
      eprint         = "0807.0024",
      archivePrefix  = "arXiv",
      primaryClass   = "hep-ph",
      SLACcitation   = "%%CITATION = ARXIV:0807.0024;%%",
}

@article{CMS:2014ala,
      author         = "Khachatryan, Vardan and others",
      title          = "{Constraints on the Higgs boson width from off-shell
                        production and decay to Z-boson pairs}",
      collaboration  = "CMS Collaboration",
      journal        = "Phys.Lett.",
      volume         = "B736",
      pages          = "64",
      doi            = "10.1016/j.physletb.2014.06.077",
      year           = "2014",
      eprint         = "1405.3455",
      archivePrefix  = "arXiv",
      primaryClass   = "hep-ex",
      reportNumber   = "CMS-HIG-14-002, CERN-PH-EP-2014-078",
      SLACcitation   = "%%CITATION = ARXIV:1405.3455;%%",
}


@Article{WgammaXsec,
     author    = "Ohnemus, J.",
     title     = "{Order alpha-s calculations of hadronic W+- gamma and Z
                  gamma production}",
     journal   = "Phys. Rev.",
     volume    = "D47",
     year      = "1993",
     pages     = "940-955",
     doi       = "10.1103/PhysRevD.47.940",
     SLACcitation  = "%%CITATION = PHRVA,D47,940;%%"
}


@Article{WGammaStarStudy,
     author         = "{CMS Collaboration}",
     title          = "Evidence for a particle decaying to W+W- in the fully leptonic final state in a standard model Higgs boson search in pp collisions at the LHC",
     journal        = "Hig12042 Twiki",
     year           = "2012",
     url            = "https://twiki.cern.ch/twiki/bin/view/CMSPublic/Hig12042TWiki#Study_on_W_g_background"
}

%@techreport{LHCHiggsCrossSectionWorkingGroup:2011ti,
%   author         = "{{LHC} {H}iggs Cross Section Working Group, S. Dittmaier, C. Mariotti, G. Passarino, R. Tanaka (Eds.)}",
%   title          = "Handbook of LHC {H}iggs Cross Sections: Inclusive Observables",
%   type           = "CERN Report",
%   number =         "CERN-2011-002",
%   year           = "2011",
%   eprint         = "1101.0593",
%   archivePrefix  = "arXiv",
%   primaryClass   = "hep-ph",
%   url            = "http://cdsweb.cern.ch/record/1318996"
%}
















































































@article{Cowan:2010js,
      author         = "Cowan, Glen and Cranmer, Kyle and Gross, Eilam and
                        Vitells, Ofer",
      title          = "{Asymptotic formulae for likelihood-based tests of new
                        physics}",
      journal        = "Eur. Phys. J.",
      volume         = "C71",
      year           = "2011",
      pages          = "1554",
      doi            = "10.1140/epjc/s10052-011-1554-0,
                        10.1140/epjc/s10052-013-2501-z",
      note           = "[Erratum: Eur. Phys. J.C73,2501(2013)]",
      eprint         = "1007.1727",
      archivePrefix  = "arXiv",
      primaryClass   = "physics.data-an",
      SLACcitation   = "%%CITATION = ARXIV:1007.1727;%%"
}

@Article{cteq66,
     author    = "Lai, Hung-Liang and Huston, Joey and Zi, Zhao and Nadolsky, Pavel and Pumplin, Jon
                   and Stump, Daniel and Yuan, C.-P.",
     title     = "Uncertainty induced by {QCD} coupling in the {CTEQ} global
                  analysis of parton distributions",
     journal   = "Phys. Rev. D",
     volume    = "82",
     year      = "2010",
     pages     = "054021",
     eprint    = "1004.4624",
     archivePrefix = "arXiv",
     primaryClass  =  "hep-ph",
     doi       = "10.1103/PhysRevD.82.054021",
}

@Article{ct10,
     author         = "Lai, Huang-Liang and Guzzi, Marco and Huston, Joey and Zi, Zhao and Nadolsky, Pavel and Pumplin, Jon and
  Yuan, C.-P.",
     title          = "New parton distributions for collider physics",
     journal        = "Phys. Rev. D",
     volume         = "82",
     pages          = "074024",
     doi            = "10.1103/PhysRevD.82.074024",
     year           = "2010",
     eprint         = "1007.2241",
     archivePrefix  = "arXiv",
     primaryClass   = "hep-ph",
}

@Article{Agostinelli:2002hh,
      author         = "S. Agostinelli and others",
      title          = "{GEANT4}: A Simulation toolkit",
      collaboration  = "GEANT4",
      journal        = "Nucl. Instrum. Meth.",
      volume         = "A506",
      pages          = "250",
      doi            = "10.1016/S0168-9002(03)01368-8",
      year           = "2003",
}

@Article{MaltoniInPrep,
     author    = "{Hirschi, Frixione, Laureys, Maltoni}",
     title     = "Higgs boson production through gluon fusion in MC@NLO",
     journal   = {Article in preparation}
}

@Article{Goria:2011wa,
       author         = "Goria, Stefano and Passarino, Giampiero and Rosco, Dario",
       title          = "{The Higgs Boson Lineshape}",
       journal        = "Nucl.Phys.",
       volume         = "B864",
       pages          = "530-579",
       doi            = "10.1016/j.nuclphysb.2012.07.006",
       year           = "2012",
       eprint         = "1112.5517",
       archivePrefix  = "arXiv",
       primaryClass   = "hep-ph",
       SLACcitation   = "%%CITATION = ARXIV:1112.5517;%%",
}

@Article{Passarino:2012ri,
       author         = "Passarino, Giampiero",
       title          = "{Higgs Interference Effects in $g g \to \Z\Z$ and
                         their Uncertainty}",
       journal        = "JHEP",
       volume         = "1208",
       pages          = "146",
       doi            = "10.1007/JHEP08(2012)146",
       year           = "2012",
       eprint         = "1206.3824",
       archivePrefix  = "arXiv",
       primaryClass   = "hep-ph",
       SLACcitation   = "%%CITATION = ARXIV:1206.3824;%%",
}

@Article{Kauer:2012ma,
       author         = "Kauer, Nikolas",
       title          = "{Signal-background interference in $gg \to H \to VV$}",
       year           = "2012",
       eprint         = "1201.1667",
       archivePrefix  = "arXiv",
       primaryClass   = "hep-ph",
       SLACcitation   = "%%CITATION = ARXIV:1201.1667;%%",
}

@Article{Campbell:2011cu,
      author         = "{J.~M. Campbell, R.~Ellis, and C.~Williams}",
      title          = "{Gluon-Gluon Contributions to $WW$ Production and Higgs Interference Effects}",
      journal        = "JHEP",
      volume         = "1110",
      pages          = "0055",
      doi            = "10.1007/JHEP10(2011)005",
      year           = "2011",
      eprint         = "1107.5569",
      archivePrefix  = "arXiv",
      primaryClass   = "hep-ph",
}

@Article{AN-2013-022,
    author         = "{J. Brochero {\it et al.}}",
    title          = "Higgs Boson Decaying to WW in the Leptonic Final State using 2011 and 2012 Data",
    journal        = "CMS Note",
    volume         = "\href{http://cms.cern.ch/iCMS/jsp/openfile.jsp?tp=draft&files=AN2013_022_v6.pdf}{AN-2013/022}",
    year           = "2013",
}

@Article{AN-2013-052,
    author         = "{L. Bauerdick {\it et al.}}",
    title          = "{A Higgs Boson Search in the Fully Leptonic W W Final State}",
    journal        = "CMS Note",
    volume         = "\href{http://cms.cern.ch/iCMS/jsp/openfile.jsp?tp=draft&files=AN2013_052_v4.pdf}{AN-2013/052}",
    year           = "2013",
}

%@Article{AN-13-097,
%    author         = "{J. Brochero {\it et al.}}",
%    title          = "Search for a Standard Model Higgs boson produced via Vector Boson Fusion, in the decay channel $H \rightarrow WW\rightarrow l\nu l\nu$ using 2011 and 2012 data",
%    journal        = "CMS Note",
%    volume         = "\href{http://cms.cern.ch/iCMS/jsp/openfile.jsp?tp=draft&files=AN2013_097_v4.pdf}{AN-2013/097}",
%    year           = "2013",
%}

@Article{AN-2013-020,
    author         = "{S. Bansal {\it et al.}}",
    title          = "VBF Task Force Recommendations",
    journal        = "CMS Note",
    volume         = "\href{http://cms.cern.ch/iCMS/jsp/openfile.jsp?tp=draft&files=AN2013_020_v2.pdf}{AN-2013/020}",
    year           = "2013",
}

@Article{AN-2012-228,
    author         = "{L. Bauerdick {\it et al.}}",
    title          = "A Higgs Boson Search in the Fully Leptonic W+W- Final State (update for ICHEP2012 conference)",
    journal        = "CMS Note",
    volume         = "\href{http://cms.cern.ch/iCMS/jsp/openfile.jsp?tp=draft&files=AN2012_228_v7.pdf}{AN-2012/228}",
    year           = "2012",
}

@Article{AN-2011-065,
    author         = "{Higgs PAG}",
    title          = "Trigger strategies for Higgs searches",
    journal        = "CMS Note",
    volume         = "\href{http://cms.cern.ch/iCMS/jsp/openfile.jsp?tp=draft&files=AN2011_065_v9.pdf}{AN-2011/065}",
    year           = "2011",
}


@Article{JHUGen,
     author         = "{S. Bolognesi, Y. Gao and A.V. Gritsan {\it et al.}}",
     title          = "JHUGen",
     journal        = "URL",
     volume         = "\href{http://www.pha.jhu.edu/spin/}{http://www.pha.jhu.edu/spin/}",
     year           = "2011",
} 

@Article{JCPExpPaper,
     author         = "Bolognesi, Sara and Gao, Yanyan and Gritsan, Andrei V.
                        and Melnikov, Kirill and Schulze, Markus and others",
     title          = "{On the spin and parity of a single-produced resonance at the LHC}",
     journal        = "Phys.Rev.",
      volume         = "D86",
      pages          = "095031",
      doi            = "10.1103/PhysRevD.86.095031",
      year           = "2012",
      eprint         = "1208.4018",
      archivePrefix  = "arXiv",
      primaryClass   = "hep-ph",
      reportNumber   = "ANL-HEP-PR-12-62, FERMILAB-PUB-12-475-PPD",
      SLACcitation   = "%%CITATION = ARXIV:1208.4018;%%",
}


@Article{AN-2011-432,
     author         = "{E. Di Marco {\it et al.}}",
     title          = "Search for Higgs Boson Decays to Two W Bosons in the Fully Leptonic Final State with Full 2011 pp Dataset at 7 TeV",
     journal        = "CMS Note",
     volume         = "\href{http://cms.cern.ch/iCMS/jsp/openfile.jsp?tp=draft&files=AN2011_432_v9.pdf}{AN-2011/432}",
     year           = "2011",
}

@Article{AN-2012-369,
     author         = "{L. Bauerdick {\it et al.}}",
     title          = "A 2-dimensional Shape Analysis for the Higgs Boson Search in the Fully Leptonic W+W- Final State",
     journal        = "CMS Note",
     volume         = "\href{http://cms.cern.ch/iCMS/jsp/openfile.jsp?tp=draft&files=AN2012_369_v8.pdf}{AN-2012/369}",
     year           = "2012",
}

@Article{AN-2012-194,
    author         = "{J. Brochero {\it et al.}}",
    title          = "Search for the Higgs Boson Decaying to WW in the Fully Leptonic Final State at 8 TeV",
    journal        = "CMS Note",
    volume         = "\href{http://cms.cern.ch/iCMS/jsp/openfile.jsp?tp=draft&files=AN2012_194_v8.pdf}{AN-2012/194}",
    year           = "2012",
}
@Article{AN-2012-378,
    author         = "{J. Brochero {\it et al.}}",
    title          = "Higgs Boson Decaying to WW in the Fully Leptonic Final State",
    journal        = "CMS Note",
    volume         = "\href{http://cms.cern.ch/iCMS/jsp/openfile.jsp?tp=draft&files=AN2012_378_v5.pdf}{AN-2012/378}",
    year           = "2012",
}
@Article{AN-2013-002,
    author         = "{J. Brochero {\it et al.}}",
    title          = "Higgs Boson Decaying to WW in the Leptonic Final State Measurement Using Razor Variables",
    journal        = "CMS Note",
    volume         = "\href{http://cms.cern.ch/iCMS/jsp/openfile.jsp?tp=draft&files=AN2013_002_v2.pdf}{AN-2013/002}",
    year           = "2013",
}

@Article{AN-2011-201,
     author         = "{J.~Brochero {\it et al.}}",
     title          = "Search for the Higgs Boson in the Fully Leptonic WW Final State",
     journal        = "CMS Note",
     volume         = "\href{http://cms.cern.ch/iCMS/jsp/openfile.jsp?tp=draft&files=AN2011_201_v4.pdf}{AN-2011/201}",
     year           = "2011",
}
@Article{AN-2011-148,
     author         = "{W.~Andrews {\it et al.}}",
     title          = "Search for the Higgs Boson in the Fully Leptonic WW Final State at $\sqrt{s}$ = 7 TeV with 2011 data with the CMS detector.",
     journal        = "CMS Note",
     volume         = "\href{http://cms.cern.ch/iCMS/jsp/openfile.jsp?tp=draft&files=AN2011_148_v9.pdf}{AN-2011/148}",
     year           = "2011",
}
@Article{AN-2011-111,
     author         = "{A.~Massironi {\it et al.}}",
     title          = "Search for a Standard Model Higgs boson produced via vector boson fusion, in the decay channel H~$\to$~WW~$\to\ell\nu\ell\nu$",
     journal        = "CMS Note",
     volume         = "\href{http://cms.cern.ch/iCMS/jsp/openfile.jsp?tp=draft&files=AN2011_111_v3.pdf}{AN-2011/111}",
     year           = "2011",
}
@Article{powheg,
     author         = "{S.~Frixione, P.~Nason and C.~Oleari}",
     title          = "Matching NLO QCD computations with Parton Shower simulations: the POWHEG method",
     journal        = "arXiv:0709.2092v1",
     year           = "2007",
}
@Article{pythia,
     author         = "{T.~Sjostrand, S.~Mrenna and P.~Skands}",
     title          = "PYTHIA",
     journal        = "JHEP", 
     volume         = "0605",
     pages          = "026",
     year           = "2006",
}
@Article{madgraph,
     author         = "{J.~Alwall {\it et al.}}",
     title          = "Madgraph",
     journal        = "JHEP", 
     volume         = "0709",
     pages          = "028",
     year           = "2007",
}
@article{MCFM,
     author    = "Campbell, John M. and Ellis, R. K.",
     title     = "{MCFM for the Tevatron and the LHC}",
     journal   = "Nucl. Phys. Proc. Suppl.",
     volume    = "205",
     year      = "2010",
     pages     = "10",
     eprint    = "1007.3492",
     archivePrefix = "arXiv",
     primaryClass  =  "hep-ph",
     doi       = "10.1016/j.nuclphysbps.2010.08.011",
     SLACcitation  = "%%CITATION = 1007.3492;%%"
}
@Article{FEWZ,
     author         = "{R.~Gavin, Y.~Li, F.~Petriello and S.~Quackenbush}",
     title          = "FEWZ 2.0: A code for hadronic Z production at the next-to-next-to-leading order",
     journal        = "arXiv:1011.3540v1",
     year           = "2010",
}





@Article{ggww,
     author         = "{T.~Binoth, M.~Ciccolini, N.~Kauer and M.~Kramer}",
     title          = "Gluon-induced W-boson pair production at the LHC",
     journal        = "{JHEP0612:046}",
     year           = "2006",
}
@Article{Dittmaier:2011ti,
     author         = "{LHC Higgs Cross Section Working Group}",
     title          = "Handbook of LHC Higgs Cross Sections",
     journal        = "arXiv:1101.0593",
     year           = "2011",
}
@Article{HqT1,
     author         = "{G.~Bozzi, S.~Catani, D.~Florian and M.~Grazzini}",
     title          = "{Transverse-momentum resummation and the spectrum of the Higgs boson at the LHC}",
     journal        = "Nucl. Phys.",
     volume         = "B737",
     year           = "2006",
     pages          = "73-120",
     eprint         = "hep-ph/0508068",
     archivePrefix  = "arXiv",
     doi            = "10.1016/j.nuclphysb.2005.12.022",
}
@Article{HqT2,
     author         = "{G.~Bozzi, S.~Catani, D.~Florian, and M.~Grazzini}",
     title          = "{The q(T) spectrum of the Higgs boson at the LHC in QCD perturbation  theory}",
     journal        = "Phys. Lett.",
     volume         = "B564",
     year           = "2003",
     pages          = "65-72",
     eprint         = "hep-ph/0302104",
     archivePrefix  = "arXiv",
     doi            = "10.1016/S0370-2693(03)00656-7",
}
@Article{MUO-10-002,
     author         = "{CMS Collaboration}",
     title          = "{Performance of muon identification in pp collisions at sqrt(s) = 7 TeV}",
     volume         = "\href{http://cms.cern.ch/iCMS/analysisadmin/versions?analysis=MUO-10-002}{MUO-10-002}",
     journal        = "CMS PAS",
     year           = "2010",
}
@Article{AN-2011-413,
     author         = "{A.~Apyan {\it et al.}}",
     title          = "Electron Identification Using Multivariate Methods",
     journal        = "CMS Note",
     volume         = "\href{http://cms.cern.ch/iCMS/jsp/openfile.jsp?tp=draft&files=AN2011_413_v1.pdf}{AN-2011/413}",
     year           = "2011",
}
@Article{razor,
     author         = "{Ch.~Rogan}",
     title          = "{Kinematical variables towards new dynamics at the LHC}",
     year           = "2010",
     eprint         = "1006.2727",
     archivePrefix  = "arXiv",
     primaryClass   = "hep-ph",
}
@Article{AN-12-071,
     author         = "{J.~Brochero {\it et al.}}",
     title          = "Search for the Higgs Boson in $H\to WW\to 2 l2\nu$ in pp Collisions at $\sqrt{s}$=7 TeV with razor variables",
     journal        = "CMS Note",
     volume         = "\href{http://cms.cern.ch/iCMS/jsp/openfile.jsp?tp=draft&files=AN2012_071_v3.pdf}{AN-2011/071}",
     year           = "2011",
}
%%%% ----- HZZ in CMS -------
% --- reference HZZ AN for ICHEP2012
@Article{AN-12-141,
     author         = "Bari and Bologna and University of California Davis and 
University of California San Diego and
 Caltech and CERN and University of Florida Gainesville and Florida State University and FNAL and
 John Hopkins University and LLR and MIT and Purdue and Split and Torino and University of Wisconsin",
     title          = "{Search for the standard model Higgs boson in the decay channel
     $H \to ZZ \to 4l$ in pp collisions }",
    JOURNAL      = "CMS Analysis Note",
    volume         = "2012-141",
    year  = "2012"
}
@Article{xsecSM,
     author         = "{CMS Collaboration}",
     title          = "Standard Model Cross Sections for CMS at 7 TeV",
     journal        = "CMS Generator Group Twiki",
     year           = "2010"
}
@Article{bib:ellis,
     author         = "Campbell, John M. and Ellis, R. Keith and Williams, Ciaran",
     title          = "{Vector boson pair production at the LHC}",
     journal        = "JHEP",
     volume         = "07",
     year           = "2011",
     pages          = "018",
     eprint         = "1105.0020",
     archivePrefix  = "arXiv",
     primaryClass   = "hep-ph",
     doi            = "10.1007/JHEP07(2011)018",
}
@Article{AN-2011-460,
     author         = "{J.~Brochero {\it et al.}}",
     title          = "Search for the Higgs Boson Decaying to WWin the Fully Leptonic Final State with 4.6 fb$^{−1}$ at 7 TeV",
     journal        = "CMS Note",
     volume         = "\href{http://cms.cern.ch/iCMS/jsp/openfile.jsp?tp=draft&files=AN2011_460_v3.pdf}{AN-2011/460}",
     year           = "2011",
}
@Article{AN-2011-463,
     author         = "{J.~Brochero {\it et al.}}",
     title          = "Shape analysis and systematic uncertainties for H~$\to$~WW searches",
     journal        = "CMS Note",
     volume         = "\href{http://cms.cern.ch/iCMS/jsp/openfile.jsp?tp=draft&files=AN2011_463_v2.pdf}{AN-2011/463}",
     year           = "2011",
}
@Article{PLB2011,
     author         = "{CMS Collaboration}",
     title          = "Search for the standard model Higgs boson decaying to a W pair in the fully leptonic final state in pp collisions at sqrt(s) = 7 TeV",
     journal        = "Phys.Lett.",
     volume         = "B710",
     pages          = "91-113",
     year           = "2012",
     eprint         = "1202.1489",
     archivePrefix  = "arXiv",
     primaryClass   = "hep-ex"
}
@Article{bayesian,
     author    = "{A. O'Hagan and J.J. Forster}",
     title = "Bayesian Inference",
     journal   = "{Kendalls Advanced Theory of Statistics, Arnold, London}", 
     volume    = "2B",
     year      = "2004"
}


@Article{Read1,
	Author = {A. L. Read},
	Journal = {J. Phys. G: Nucl. Part. Phys.},
	Page = {2693},
	Title = {{Presentation of search results: the CLs technique}},
	Volume = {28},
	Year = {2002}
}
@Article{AN-2012-210-dymva,
     author         = "{G.~Cerati {\it et al.}}",
     title          = "A multivariate approach for Drell-Yan rejection in $H \to W^+W^-$ analysis",
     journal        = "CMS Note",
     volume         = "\href{http://cms.cern.ch/iCMS/jsp/openfile.jsp?tp=draft&files=AN2012_210_v1.pdf}{AN-2012/210}",
     year           = "2012",
}

@Article{AN-2012-199,
     author         = "{J.~Brochero {\it et al.}}",
     title          = "Optimization of Muon Isolation to reduce W+Jets Background and mitigate Pile-up effects in Di-Lepton final states",
     journal        = "CMS Note",
     volume         = "\href{http://cms.cern.ch/iCMS/jsp/openfile.jsp?tp=draft&files=AN2012_199_v3.pdf}{AN-2012/199}",
     year           = "2012",
}


@Article{pflow,
     AUTHOR       = "{CMS Collaboration}",
     TITLE        = "Commissioning of the Particle-Flow reconstruction in Minimum-Bias and Jet Events from pp Collisions at 7 TeV",
     JOURNAL      = "CMS PAS PFT",
     VOLUME       = "\href{http://cms-physics.web.cern.ch/cms-physics/public/PFT-10-002-pas.pdf}{PFT-10-002}",
     YEAR         = "2010"
}

@Article{antikt,
     author    = "Cacciari, Matteo and Salam, Gavin P. and Soyez, Gregory",
     title     = "{The anti-$k_t$ jet clustering algorithm}",
     journal   = "JHEP",
     volume    = "04",
     year      = "2008",
     pages     = "063",
     eprint    = "0802.1189",
     archivePrefix = "arXiv",
     primaryClass  =  "hep-ph",
     doi       = "10.1088/1126-6708/2008/04/063",
     SLACcitation  = "%%CITATION = 0802.1189;%%"
}

@Article{FASTJET1,
     author    = "Cacciari, Matteo and Salam, Gavin P.",
     title     = "{Pileup subtraction using jet areas}",
     journal   = "Phys. Lett.",
     volume    = "B659",
     year      = "2008",
     pages     = "119-126",
     eprint    = "0707.1378",
     archivePrefix = "arXiv",
     primaryClass  =  "hep-ph",
     doi       = "10.1016/j.physletb.2007.09.077",
     SLACcitation  = "%%CITATION = 0707.1378;%%"
}

@Article{jetL2L3,
     AUTHOR       = "{CMS Collaboration}",
     TITLE        = "Jet Energy Corrections determination at 7 TeV",
     JOURNAL      = "CMS PAS JME",
     VOLUME       = "\href{http://cms-physics.web.cern.ch/cms-physics/public/JME-10-010-pas.pdf}{JME-10-010}",
     YEAR         = "2010"
}

@Article{PhilJetId,
     AUTHOR       = "{P. Harris et al.}",
     TITLE        = "Update on pile-up mitigation in jets",
     JOURNAL      = "JetMET meeting",
     VOLUME       = "\href{https://indico.cern.ch/getFile.py/access?contribId=2&resId=0&materialId=slides&confId=185953}{Presentation url}",
     YEAR         = "2012"
}

@Article{AN-2012-201,
     author         = "{CMS Egamma POG}",
     title          = "Electron Selection Criteria in 2012",
     journal        = "CMS Note",
     volume         = "\href{http://cms.cern.ch/iCMS/jsp/openfile.jsp?tp=draft&files=AN2012_201_v1.pdf}{AN-2012/201}",
     year           = "2012"
}

@Article{AN-2010-397,
     author         = "{H. Bakhshian et al.}",
     title          = "Lepton fake rates in dilepton final states",
     journal        = "CMS Note",
     volume         = "\href{http://cms.cern.ch/iCMS/jsp/openfile.jsp?tp=draft&files=AN2010_397_v1.pdf}{AN-2010/397}",
     year           = "2010"
}

@Article{AN-2010-261,
     author         = "{H. Bakhshian et al.}",
     title          = "Computing the contamination from fakes in leptonic final states",
     journal        = "CMS Note",
     volume         = "\href{http://cms.cern.ch/iCMS/jsp/openfile.jsp?tp=draft&files=AN2010_261_v1.pdf}{AN-2010/261}",
     year           = "2010"
}
@Article{AN-2012-163,
     author         = "{J.~Brochero {\it et al.}}",
     title          = "Measurement of the production cross section ratio of WW to Z at 7 TeV",
     journal        = "CMS Note",
     volume         = "\href{http://cms.cern.ch/iCMS/jsp/openfile.jsp?tp=draft&files=AN2012_163_v2.pdf}",
     year           = "2012",
}

@Article{AN-2011-201,
     author         = "{J.~Brochero {\it et al.}}",
     title          = "Measurement of the production cross section ratio of WW to Z at 7 TeV",
     journal        = "CMS Note",
     volume         = "\href{http://cms.cern.ch/iCMS/jsp/openfile.jsp?tp=draft&files=AN2011_201_v4.pdf}",
     year           = "2011",
}

@Article{pdg,
     author    = "{K. Nakamura et al. (Particle Data Group)}",
     title     = "Review of particle physics",
     journal   = "J. Phys.",
     volume    = "G37",
     year      = "2010",
     pages     = "075021",
     doi       = "10.1088/0954-3899/37/7A/075021"
}
@Article{AN-2011-020,
     author         = "{M. Bluj, {\it et al.}}",
     title          = "Modelling of tautau final states by embedding tau pairs in Z to mumu events",
     journal        = "CMS Note",
     volume         = "\href{http://cms.cern.ch/iCMS/jsp/openfile.jsp?tp=draft&files=AN2011_020_v5.pdf}",
     year           = "2011",
}
@Article{SMP-2012-011,
     author         = "CMS Collaboration",
     title          = "Measurement of inclusive W and Z boson cross sections in pp collisions at $\sqrt{s}$ = 8 TeV",
     journal        = "CMS PAS",
     volume         = "\href{http://cms.cern.ch/iCMS/analysisadmin/get?analysis=SMP-12-011-pas-v5.pdf}",
     year           = "2012",
}


@Article{AN-13-020,
      author         = "CMS",
      title          = "{VBF Task Force Recommendations}",
      journal        = "CMS AN-13-020",
      year           = "2013",
}


@Article{Dittmaier:2012vm,
      author         = "Dittmaier, S. and Dittmaier, S. and Mariotti, C. and
                        Passarino, G. and Tanaka, R. and others",
      title          = "{Handbook of LHC Higgs Cross Sections: 2. Differential
                        Distributions}",
      year           = "2012",
      eprint         = "1201.3084",
      archivePrefix  = "arXiv",
      primaryClass   = "hep-ph",
      reportNumber   = "CERN-2012-002",
      SLACcitation   = "%%CITATION = ARXIV:1201.3084;%%",
}


@Article{deFlorian:2009hc,
      author         = "de Florian, Daniel and Grazzini, Massimiliano",
      title          = "{Higgs production through gluon fusion: Updated cross sections at the Tevatron and the LHC}",
      journal        = "Phys.Lett.",
      volume         = "B674",
      pages          = "291-294",
      doi            = "10.1016/j.physletb.2009.03.033",
      year           = "2009",
      eprint         = "0901.2427",
      archivePrefix  = "arXiv",
      primaryClass   = "hep-ph",
      reportNumber   = "FERMILAB-CONF-10-244-T",
      SLACcitation   = "%%CITATION = ARXIV:0901.2427;%%",
}


@Article{Alioli:2008tz,
      author         = "Alioli, Simone and Nason, Paolo and Oleari, Carlo and Re Emanuele",
      title          = "{NLO Higgs boson production via gluon fusion matched with shower in POWHEG}",
      journal        = "JHEP",
      volume         = "0904",
      pages          = "002",
      doi            = "10.1088/1126-6708/2009/04/002",
      year           = "2009",
      eprint         = "0812.0578",
      archivePrefix  = "arXiv",
      primaryClass   = "hep-ph",
      reportNumber   = "FERMILAB-PUB-08-477-T, SLAC-PUB-13420, ZU-TH-17-08,
                        DCPT-08-138, IPPP-08-69, EDINBURGH-2008-30, MCNET-08-14",
      SLACcitation   = "%%CITATION = ARXIV:0812.0578;%%",
}


@Article{Stewart:2011cf,
      author         = "Stewart, Iain W. and Tackmann, Frank J.",
      title          = "{Theory Uncertainties for Higgs and Other Searches Using Jet Bins}",
      journal        = "Phys.Rev.",
      pages          = "034011",
      year           = "2012",
      eprint         = "1107.2117",
      archivePrefix  = "arXiv",
      primaryClass   = "hep-ph",
      SLACcitation   = "%%CITATION = ARXIV:1107.2117;%%",
}

@article{Campbell:2010ff,
      author         = "Campbell, John M. and Ellis, R.K.",
      title          = "{MCFM for the Tevatron and the LHC}",
      journal        = "Nucl.Phys.Proc.Suppl.",
      volume         = "205-206",
      pages          = "10-15",
      doi            = "10.1016/j.nuclphysbps.2010.08.011",
      year           = "2010",
      eprint         = "1007.3492",
      archivePrefix  = "arXiv",
      primaryClass   = "hep-ph",
      reportNumber   = "FERMILAB-CONF-10-244-T",
      SLACcitation   = "%%CITATION = ARXIV:1007.3492;%%",
}

@article{Jager:2006zc,
      author         = "Jager, Barbara and Oleari, Carlo and Zeppenfeld, Dieter",
      title          = "{Next-to-leading order QCD corrections to W+W- production
                        via vector-boson fusion}",
      journal        = "JHEP",
      volume         = "0607",
      pages          = "015",
      doi            = "10.1088/1126-6708/2006/07/015",
      year           = "2006",
      eprint         = "hep-ph/0603177",
      archivePrefix  = "arXiv",
      primaryClass   = "hep-ph",
      reportNumber   = "BICOCCA-FT-06-4, KA-TP-03-2006, SFB-CPP-06-10",
      SLACcitation   = "%%CITATION = HEP-PH/0603177;%%",
}


@article{Jager:2013mu,
      author         = "Jager, Barbara and Zanderighi, Giulia",
      title          = "{Electroweak W+W-jj prodution at NLO in QCD matched with
                        parton shower in the POWHEG-BOX}",
      journal        = "JHEP",
      volume         = "1304",
      pages          = "024",
      doi            = "10.1007/JHEP04(2013)024",
      year           = "2013",
      eprint         = "1301.1695",
      archivePrefix  = "arXiv",
      primaryClass   = "hep-ph",
      SLACcitation   = "%%CITATION = ARXIV:1301.1695;%%",
}

@article{Ballestrero:2007xq,
      author         = "Ballestrero, Alessandro and Belhouari, Aissa and
                        Bevilacqua, Giuseppe and Kashkan, Vladimir and Maina,
                        Ezio",
      title          = "{PHANTOM: A Monte Carlo event generator for six parton
                        final states at high energy colliders}",
      journal        = "Comput.Phys.Commun.",
      volume         = "180",
      pages          = "401-417",
      doi            = "10.1016/j.cpc.2008.10.005",
      year           = "2009",
      eprint         = "0801.3359",
      archivePrefix  = "arXiv",
      primaryClass   = "hep-ph",
      reportNumber   = "DFTT-13-2007",
      SLACcitation   = "%%CITATION = ARXIV:0801.3359;%%",
}


@article{Hamilton:2012np,
      author         = "Hamilton, Keith and Nason, Paolo and Zanderighi, Giulia",
      title          = "{MINLO: Multi-Scale Improved NLO}",
      journal        = "JHEP",
      volume         = "1210",
      pages          = "155",
      doi            = "10.1007/JHEP10(2012)155",
      year           = "2012",
      eprint         = "1206.3572",
      archivePrefix  = "arXiv",
      primaryClass   = "hep-ph",
      reportNumber   = "CERN-PH-TH-2012-166, OUTP-12-11P, MCNET-12-07",
      SLACcitation   = "%%CITATION = ARXIV:1206.3572;%%",
}


@Article{JEC2012,
     author         = "JetMET group",
     title          = "{Jet energy uncertainties, \url{https://twiki.cern.ch/twiki/bin/view/CMS/JECUncertaintySources\#2012_JEC}}",
     URL          = "https://twiki.cern.ch/twiki/bin/view/CMS/JECUncertaintySources\#2012_JEC",
}


@article{MSTW2008nlo,
year={2009},
issn={1434-6044},
journal={The European Physical Journal C},
volume={63},
issue={2},
doi={10.1140/epjc/s10052-009-1072-5},
title={Parton distributions for the LHC},
url={http://dx.doi.org/10.1140/epjc/s10052-009-1072-5},
publisher={Springer-Verlag},
author={Martin, A.D. and Stirling, W.J. and Thorne, R.S. and Watt, G.},
pages={189-285},
language={English}
}

@techreport{CMS-PAS-SMP-13-007,
      title         = "{Measurement of the differential production cross section
                       of Z bosons in association with jets in pp collisions at
                       sqrt(s) = 8 TeV}",
      institution   = "CERN",
      collaboration = "CMS Collaboration",
      address       = "Geneva",
      number        = "CMS-PAS-SMP-13-007",
      year          = "2014",
}

@article{Aad:2014iaa,
      author         = "Aad, Georges and others",
      title          = "{Measurement of the $t\bar{t}$ production cross-section
                        as a function of jet multiplicity and jet transverse
                        momentum in 7 TeV proton-proton collisions with the ATLAS
                        detector}",
      collaboration  = "ATLAS Collaboration",
      year           = "2014",
      eprint         = "1407.0891",
      archivePrefix  = "arXiv",
      primaryClass   = "hep-ex",
      reportNumber   = "CERN-PH-EP-2014-114",
      SLACcitation   = "%%CITATION = ARXIV:1407.0891;%%",
}
%citation
@article{PhysRevD.85.034011,
   title = {Theory uncertainties for Higgs mass and other searches using jet bins},
   author = {Stewart, Iain W. and Tackmann, Frank J.},
   journal = {Phys. Rev. D},
   volume = {85},
   issue = {3},
   pages = {034011},
   numpages = {13},
   year = {2012},
   month = {Feb},
   publisher = {American Physical Society},
   doi = {10.1103/PhysRevD.85.034011},
   url = {http://link.aps.org/doi/10.1103/PhysRevD.85.034011}
}
@techreport{CMS-NOTE-2011-005,
	title         = "{Procedure for the LHC Higgs boson search combination in Summer 2011}",
	institution   = "CERN",
	collaboration = "The ATLAS Collaboration, The CMS Collaboration, The LHC Higgs Combination Group",
	address       = "Geneva",
	number        = "CMS-NOTE-2011-005. ATL-PHYS-PUB-2011-11",
	month         = "Aug",
	year          = "2011",
}
@TECHREPORT{CMS_PAS_HIG_13-017,
     AUTHOR       = "CMS collaboration",
     TITLE        = "Search for associated Higgs boson production (VH) with $H\to{}W^+W^-\to\ell\nu\ell\nu$ and hadronic V decay in pp collisions at $sqrt(s) = 7$~TeV and 8~TeV",
     TYPE      = "CMS PAS",
     NUMBER       = "2013/084",
     URL          = "http://cds.cern.ch/record/1560844",
     YEAR         = "2013"}
@TECHREPORT{CMS_AN_2014_056,
     AUTHOR       = "CMS collaboration",
     TITLE        = "WW Cross Section Measurement at $sqrt(s) = 8$~TeV",
     TYPE      = "CMS AN",
     NUMBER       = "2014/056",
     YEAR         = "2014"} 

@Book{Cowan,
     author    = "Cowan, Glen",
     title     = "Statistical Data Analysis",
     publisher = "Oxford University Press, Oxford",
     year      = "1998"
}    

@article{Hocker:1995kb,
      author         = "Hocker, Andreas and Kartvelishvili, Vakhtang",
      title          = "{SVD approach to data unfolding}",
      journal        = "Nucl.Instrum.Meth.",
      volume         = "A 372",
      pages          = "469-481",
      doi            = "10.1016/0168-9002(95)01478-0",
      year           = "1996",
      eprint         = "hep-ph/9509307",
      archivePrefix  = "arXiv",
      primaryClass   = "hep-ph",
      reportNumber   = "M-C-TH-95-15, LAL-95-55",
      SLACcitation   = "%%CITATION = HEP-PH/9509307;%%",
}

@article{Adye:2011gm,
      author         = "Adye, Tim",
      title          = "{Unfolding algorithms and tests using RooUnfold}",
      pages          = "313-318",
      year           = "2011",
      eprint         = "1105.1160",
      archivePrefix  = "arXiv",
      primaryClass   = "physics.data-an",
      SLACcitation   = "%%CITATION = ARXIV:1105.1160;%%",
}

@article{Grazzini:2013mca,
      author         = "Grazzini, Massimiliano and Sargsyan, Hayk",
      title          = "{Heavy-quark mass effects in Higgs boson production at
                        the LHC}",
      journal        = "JHEP",
      volume         = "09",
      year           = "2013",
      pages          = "129",
      doi            = "10.1007/JHEP09(2013)129",
      eprint         = "1306.4581",
      archivePrefix  = "arXiv",
      primaryClass   = "hep-ph",
      reportNumber   = "ZU-TH-10-13",
      SLACcitation   = "%%CITATION = ARXIV:1306.4581;%%"
}

@article{Spira:1995rr,
      author         = "Spira, M. and Djouadi, A. and Graudenz, D. and Zerwas, P.
                        M.",
      title          = "{Higgs boson production at the LHC}",
      journal        = "Nucl. Phys.",
      volume         = "B 453",
      year           = "1995",
      pages          = "17-82",
      doi            = "10.1016/0550-3213(95)00379-7",
      eprint         = "hep-ph/9504378",
      archivePrefix  = "arXiv",
      primaryClass   = "hep-ph",
      reportNumber   = "DESY-94-123, UDEM-GPP-TH-95-16, CERN-TH-95-30,
                        CERN-TH-95-030",
      SLACcitation   = "%%CITATION = HEP-PH/9504378;%%"
}

@article{Harlander:2005rq,
      author         = "Harlander, Robert and Kant, Philipp",
      title          = "{Higgs production and decay: Analytic results at
                        next-to-leading order QCD}",
      journal        = "JHEP",
      volume         = "12",
      year           = "2005",
      pages          = "015",
      doi            = "10.1088/1126-6708/2005/12/015",
      eprint         = "hep-ph/0509189",
      archivePrefix  = "arXiv",
      primaryClass   = "hep-ph",
      reportNumber   = "TTP05-18, SFB-CPP-05-49",
      SLACcitation   = "%%CITATION = HEP-PH/0509189;%%"
}

@article{Catani:2007vq,
      author         = "Catani, Stefano and Grazzini, Massimiliano",
      title          = "{An NNLO subtraction formalism in hadron collisions and
                        its application to Higgs boson production at the LHC}",
      journal        = "Phys. Rev. Lett.",
      volume         = "98",
      year           = "2007",
      pages          = "222002",
      doi            = "10.1103/PhysRevLett.98.222002",
      eprint         = "hep-ph/0703012",
      archivePrefix  = "arXiv",
      primaryClass   = "hep-ph",
      SLACcitation   = "%%CITATION = HEP-PH/0703012;%%"
}

@article{Ravindran:2003um,
      author         = "Ravindran, V. and Smith, J. and van Neerven, W. L.",
      title          = "{NNLO corrections to the total cross-section for Higgs
                        boson production in hadron hadron collisions}",
      journal        = "Nucl. Phys.",
      volume         = "B 665",
      year           = "2003",
      pages          = "325-366",
      doi            = "10.1016/S0550-3213(03)00457-7",
      eprint         = "hep-ph/0302135",
      archivePrefix  = "arXiv",
      primaryClass   = "hep-ph",
      reportNumber   = "YITP-SB-03-02, INLO-PUB-01-03",
      SLACcitation   = "%%CITATION = HEP-PH/0302135;%%"
}

@article{Anastasiou:2015ema,
      author         = "Anastasiou, Charalampos and Duhr, Claude and Dulat, Falko
                        and Herzog, Franz and Mistlberger, Bernhard",
      title          = "{Higgs Boson Gluon-Fusion Production in QCD at Three
                        Loops}",
      journal        = "Phys. Rev. Lett.",
      volume         = "114",
      year           = "2015",
      pages          = "212001",
      doi            = "10.1103/PhysRevLett.114.212001",
      eprint         = "1503.06056",
      archivePrefix  = "arXiv",
      primaryClass   = "hep-ph",
      reportNumber   = "CERN-PH-TH-2015-055, CP3-15-07",
      SLACcitation   = "%%CITATION = ARXIV:1503.06056;%%"
}

@article{Chen:2016zka,
      author         = "Chen, X. and Cruz-Martinez, J. and Gehrmann, T. and
                        Glover, E. W. N. and Jaquier, M.",
      title          = "{NNLO QCD corrections to Higgs boson production at large
                        transverse momentum}",
      year           = "2016",
      eprint         = "1607.08817",
      archivePrefix  = "arXiv",
      primaryClass   = "hep-ph",
      reportNumber   = "IPPP-16-73, ZU-TH-29-16, FR-PHENO-2016-014",
      SLACcitation   = "%%CITATION = ARXIV:1607.08817;%%"
}

@article{Azatov:2013xha,
      author         = "Azatov, Aleksandr and Paul, Ayan",
      title          = "{Probing Higgs couplings with high $p_T$ Higgs
                        production}",
      journal        = "JHEP",
      volume         = "01",
      year           = "2014",
      pages          = "014",
      doi            = "10.1007/JHEP01(2014)014",
      eprint         = "1309.5273",
      archivePrefix  = "arXiv",
      primaryClass   = "hep-ph",
      SLACcitation   = "%%CITATION = ARXIV:1309.5273;%%"
}

@article{Harlander:2013oja,
      author         = "Harlander, Robert V. and Neumann, Tobias",
      title          = "{Probing the nature of the Higgs-gluon coupling}",
      journal        = "Phys. Rev.",
      volume         = "D 88",
      year           = "2013",
      pages          = "074015",
      doi            = "10.1103/PhysRevD.88.074015",
      eprint         = "1308.2225",
      archivePrefix  = "arXiv",
      primaryClass   = "hep-ph",
      reportNumber   = "WUB-13-08",
      SLACcitation   = "%%CITATION = ARXIV:1308.2225;%%"
}

@article{Marzocca:2012zn,
      author         = "Marzocca, David and Serone, Marco and Shu, Jing",
      title          = "{General Composite Higgs Models}",
      journal        = "JHEP",
      volume         = "08",
      year           = "2012",
      pages          = "013",
      doi            = "10.1007/JHEP08(2012)013",
      eprint         = "1205.0770",
      archivePrefix  = "arXiv",
      primaryClass   = "hep-ph",
      reportNumber   = "SISSA-11-2012-EP",
      SLACcitation   = "%%CITATION = ARXIV:1205.0770;%%"
}

@article{Banfi:2013yoa,
      author         = "Banfi, Andrea and Martin, Adam and Sanz, Veronica",
      title          = "{Probing top-partners in Higgs+jets}",
      journal        = "JHEP",
      volume         = "08",
      year           = "2014",
      pages          = "053",
      doi            = "10.1007/JHEP08(2014)053",
      eprint         = "1308.4771",
      archivePrefix  = "arXiv",
      primaryClass   = "hep-ph",
      reportNumber   = "CERN-PH-TH-2013-199",
      SLACcitation   = "%%CITATION = ARXIV:1308.4771;%%"
}

@article{Khachatryan:2016mqs,
      author         = "Khachatryan, Vardan and others",
      title          = "{Measurement of the $\mathrm{ t \bar{t} }$ production
                        cross section in the $\mathrm{ e \mu }$ channel in
                        proton-proton collisions at $\sqrt{s} =$ 7 and 8 TeV}",
      collaboration  = "CMS",
      year           = "2016",
      eprint         = "1603.02303",
      archivePrefix  = "arXiv",
      primaryClass   = "hep-ex",
      reportNumber   = "CMS-TOP-13-004, CERN-EP-2016-044",
      SLACcitation   = "%%CITATION = ARXIV:1603.02303;%%"
}

@article{Jadach:1990mz,
      author         = "Jadach, Stanislaw and Kuhn, Johann H. and Was, Zbigniew",
      title          = "{TAUOLA: a library of Monte Carlo programs to simulate
                        decays of polarized tau leptons}",
      journal        = "Comput. Phys. Commun.",
      volume         = "64",
      year           = "1990",
      pages          = "275",
      doi            = "10.1016/0010-4655(91)90038-M",
      reportNumber   = "CERN-TH-5856-90",
      SLACcitation   = "%%CITATION = CPHCB,64,275;%%"
}









































%%%%%%%%%%%%%%%%%%%%%%%%%%%%%%%%%%%%%%%%
%%%%%%%%%%%%%%%% 13 TeV %%%%%%%%%%%%%%%%
%%%%%%%%%%%%%%%%%%%%%%%%%%%%%%%%%%%%%%%%

@article{Caola:2015rqy,
      author         = "Caola, Fabrizio and Melnikov, Kirill and Rntsch, Raoul
                        and Tancredi, Lorenzo",
      title          = "{QCD corrections to $W^+W^-$ production through gluon
                        fusion}",
      journal        = "Phys. Lett.",
      volume         = "B754",
      year           = "2016",
      pages          = "275-280",
      doi            = "10.1016/j.physletb.2016.01.046",
      eprint         = "1511.08617",
      archivePrefix  = "arXiv",
      primaryClass   = "hep-ph",
      reportNumber   = "CERN-PH-TH-2015-276, TTP15-041",
      SLACcitation   = "%%CITATION = ARXIV:1511.08617;%%"
}


@article{Boughezal:2013oha,
      author         = "Boughezal, Radja and Liu, Xiaohui and Petriello, Frank
                        and Tackmann, Frank J. and Walsh, Jonathan R.",
      title          = "{Combining Resummed Higgs Predictions Across Jet Bins}",
      journal        = "Phys. Rev.",
      volume         = "D89",
      year           = "2014",
      number         = "7",
      pages          = "074044",
      doi            = "10.1103/PhysRevD.89.074044",
      eprint         = "1312.4535",
      archivePrefix  = "arXiv",
      primaryClass   = "hep-ph",
      reportNumber   = "DESY-13-244",
      SLACcitation   = "%%CITATION = ARXIV:1312.4535;%%"
}



@article{Bellm:2013hwb,
      author         = "Bellm, J. and others",
      title          = "{Herwig++ 2.7 Release Note}",
      year           = "2013",
      eprint         = "1310.6877",
      archivePrefix  = "arXiv",
      primaryClass   = "hep-ph",
      reportNumber   = "IPPP-13-88, MCNET-13-15, DCPT-13-176, DESY-13-186,
                        KA-TP-31-2013, --ZU-TH-23-13",
      SLACcitation   = "%%CITATION = ARXIV:1310.6877;%%"
}

@article{Bonvini:2013jha,
      author         = "Bonvini, Marco and Caola, Fabrizio and Forte, Stefano and
                        Melnikov, Kirill and Ridolfi, Giovanni",
      title          = "{Signal-background interference effects for
                        $gg?H?W^+W^-$ beyond leading order}",
      journal        = "Phys. Rev.",
      volume         = "D88",
      year           = "2013",
      number         = "3",
      pages          = "034032",
      doi            = "10.1103/PhysRevD.88.034032",
      eprint         = "1304.3053",
      archivePrefix  = "arXiv",
      primaryClass   = "hep-ph",
      reportNumber   = "DESY-13-059, IFUM-1011-FT",
      SLACcitation   = "%%CITATION = ARXIV:1304.3053;%%"
}

@article{Meade:2014fca,
      author         = "Meade, Patrick and Ramani, Harikrishnan and Zeng, Mao",
      title          = "{Transverse momentum resummation effects in $W^+W^-$
                        measurements}",
      journal        = "Phys. Rev.",
      volume         = "D90",
      year           = "2014",
      number         = "11",
      pages          = "114006",
      doi            = "10.1103/PhysRevD.90.114006",
      eprint         = "1407.4481",
      archivePrefix  = "arXiv",
      primaryClass   = "hep-ph",
      SLACcitation   = "%%CITATION = ARXIV:1407.4481;%%"
}

@article{Jaiswal:2014yba,
      author         = "Jaiswal, Prerit and Okui, Takemichi",
      title          = "{Explanation of the $WW$ excess at the LHC by jet-veto
                        resummation}",
      journal        = "Phys. Rev.",
      volume         = "D90",
      year           = "2014",
      number         = "7",
      pages          = "073009",
      doi            = "10.1103/PhysRevD.90.073009",
      eprint         = "1407.4537",
      archivePrefix  = "arXiv",
      primaryClass   = "hep-ph",
      SLACcitation   = "%%CITATION = ARXIV:1407.4537;%%"
}

@article{Nason:2004rx,
      author         = "Nason, Paolo",
      title          = "{A New method for combining NLO QCD with shower Monte
                        Carlo algorithms}",
      journal        = "JHEP",
      volume         = "11",
      year           = "2004",
      pages          = "040",
      doi            = "10.1088/1126-6708/2004/11/040",
      eprint         = "hep-ph/0409146",
      archivePrefix  = "arXiv",
      primaryClass   = "hep-ph",
      reportNumber   = "BICOCCA-FT-04-11",
      SLACcitation   = "%%CITATION = HEP-PH/0409146;%%"
}


@article{Passarino:2013bha,
      author         = "Passarino, Giampiero",
      title          = "{Higgs CAT}",
      journal        = "Eur. Phys. J.",
      volume         = "C74",
      year           = "2014",
      pages          = "2866",
      doi            = "10.1140/epjc/s10052-014-2866-7",
      eprint         = "1312.2397",
      archivePrefix  = "arXiv",
      primaryClass   = "hep-ph",
      SLACcitation   = "%%CITATION = ARXIV:1312.2397;%%"
}

@article{Gehrmann:2014fva,
      author         = "Gehrmann, T. and Grazzini, M. and Kallweit, S. and
                        Maierhfer, P. and von Manteuffel, A. and Pozzorini, S.
                        and Rathlev, D. and Tancredi, L.",
      title          = "{$W^+W^-$ Production at Hadron Colliders in Next to Next
                        to Leading Order QCD}",
      journal        = "Phys. Rev. Lett.",
      volume         = "113",
      year           = "2014",
      number         = "21",
      pages          = "212001",
      doi            = "10.1103/PhysRevLett.113.212001",
      eprint         = "1408.5243",
      archivePrefix  = "arXiv",
      primaryClass   = "hep-ph",
      reportNumber   = "ZU-TH-29-14, MITP-14-053",
      SLACcitation   = "%%CITATION = ARXIV:1408.5243;%%"
}

@article{Agostinelli:2002hh,
     author        = "Agostinelli, S. and others",
     collaboration = "GEANT4",
     title         = "{$\GEANT$4---a simulation toolkit}",
     journal       = "Nucl. Instrum. Meth. A",
     volume        = "506",
     year          = "2003",
     pages         = "250",
     doi           = "10.1016/S0168-9002(03)01368-8",
     SLACcitation  = "%%CITATION = NUIMA,A506,250;%%"
}

@article{Richardson:2013nfo,
      author         = "Richardson, Peter and Wilcock, Alexandra",
      title          = "{Monte Carlo Simulation of Hard Radiation in Decays in
                        Beyond the Standard Model Physics in Herwig++}",
      journal        = "Eur. Phys. J.",
      volume         = "C74",
      year           = "2014",
      pages          = "2713",
      doi            = "10.1140/epjc/s10052-014-2713-x",
      eprint         = "1303.4563",
      archivePrefix  = "arXiv",
      primaryClass   = "hep-ph",
      reportNumber   = "IPPP-13-17, DCPT-13-34, MCNET-13-03",
      SLACcitation   = "%%CITATION = ARXIV:1303.4563;%%"
}

@article{Khachatryan:2015pea,
      author         = "Khachatryan, Vardan and others",
      title          = "{Event generator tunes obtained from underlying event and
                        multiparton scattering measurements}",
      collaboration  = "CMS",
      year           = "2015",
      eprint         = "1512.00815",
      archivePrefix  = "arXiv",
      primaryClass   = "hep-ex",
      reportNumber   = "CMS-GEN-14-001, CERN-PH-EP-2015-291,
                        FERMILAB-PUB-15-595-CMS",
      SLACcitation   = "%%CITATION = ARXIV:1512.00815;%%"
}


@article{Ball:2013hta,
      author         = "Ball, Richard D. and Bertone, Valerio and Carrazza,
                        Stefano and Del Debbio, Luigi and Forte, Stefano and
                        Guffanti, Alberto and Hartland, Nathan P. and Rojo, Juan",
      title          = "{Parton distributions with QED corrections}",
      collaboration  = "NNPDF",
      journal        = "Nucl. Phys.",
      volume         = "B877",
      year           = "2013",
      pages          = "290-320",
      doi            = "10.1016/j.nuclphysb.2013.10.010",
      eprint         = "1308.0598",
      archivePrefix  = "arXiv",
      primaryClass   = "hep-ph",
      reportNumber   = "EDINBURGH-2013-20, IFUM-1014-FT, FR-PHENO-2013-008,
                        CERN-PH-TH-2013-075",
      SLACcitation   = "%%CITATION = ARXIV:1308.0598;%%"
}
@article{Ball:2011uy,
      author         = "Ball, Richard D. and Bertone, Valerio and Cerutti,
                        Francesco and Del Debbio, Luigi and Forte, Stefano and
                        Guffanti, Alberto and Latorre, Jose I. and Rojo, Juan and
                        Ubiali, Maria",
      title          = "{Unbiased global determination of parton distributions
                        and their uncertainties at NNLO and at LO}",
      collaboration  = "NNPDF",
      journal        = "Nucl. Phys.",
      volume         = "B855",
      year           = "2012",
      pages          = "153-221",
      doi            = "10.1016/j.nuclphysb.2011.09.024",
      eprint         = "1107.2652",
      archivePrefix  = "arXiv",
      primaryClass   = "hep-ph",
      reportNumber   = "EDINBURGH-2011-14, IFUM-979-FT, FR-PHENO-2011-010,
                        RWTH-TTK-11-24",
      SLACcitation   = "%%CITATION = ARXIV:1107.2652;%%"
}

@article{Luisoni:2013kna,
      author         = "Luisoni, Gionata and Nason, Paolo and Oleari, Carlo and
                        Tramontano, Francesco",
      title          = "{$HW^{\pm}$/HZ + 0 and 1 jet at NLO with the POWHEG BOX
                        interfaced to GoSam and their merging within MiNLO}",
      journal        = "JHEP",
      volume         = "10",
      year           = "2013",
      pages          = "083",
      doi            = "10.1007/JHEP10(2013)083",
      eprint         = "1306.2542",
      archivePrefix  = "arXiv",
      primaryClass   = "hep-ph",
      SLACcitation   = "%%CITATION = ARXIV:1306.2542;%%"
}

@article{Melia:2011tj,
      author         = "Melia, Tom and Nason, Paolo and Rontsch, Raoul and
                        Zanderighi, Giulia",
      title          = "{W+W-, WZ and ZZ production in the POWHEG BOX}",
      journal        = "JHEP",
      volume         = "11",
      year           = "2011",
      pages          = "078",
      doi            = "10.1007/JHEP11(2011)078",
      eprint         = "1107.5051",
      archivePrefix  = "arXiv",
      primaryClass   = "hep-ph",
      SLACcitation   = "%%CITATION = ARXIV:1107.5051;%%"
}

@article{Campbell:2013wga,
      author         = "Campbell, John M. and Ellis, R. Keith and Williams,
                        Ciaran",
      title          = "{Bounding the Higgs width at the LHC: Complementary
                        results from $H \to WW$}",
      journal        = "Phys. Rev.",
      volume         = "D89",
      year           = "2014",
      number         = "5",
      pages          = "053011",
      doi            = "10.1103/PhysRevD.89.053011",
      eprint         = "1312.1628",
      archivePrefix  = "arXiv",
      primaryClass   = "hep-ph",
      reportNumber   = "FERMILAB-PUB-13-553-T",
      SLACcitation   = "%%CITATION = ARXIV:1312.1628;%%"
}

@misc{temphiggsxsecs,
 collaboration  = "LHC Higgs Cross Section Working Group",
 Title = {SM Higgs production cross sections at $\sqrt{s}$ = 13-14 \TeV },
 Howpublished={\url{https://twiki.cern.ch/twiki/bin/view/LHCPhysics/CERNYellowReportPageAt1314TeV}}
}

@misc{topxsec,
 collaboration  = {LHC Top Working Group},
 Title = {NNLO+NNLL top-quark-pair cross sections },
 Howpublished={\url{https://twiki.cern.ch/twiki/bin/view/LHCPhysics/TtbarNNLO}}
}

@misc{singletop,
 collaboration  ={LHC Top Working Group},
 Title = {NLO single-top channel cross sections},
 Howpublished={\url{https://twiki.cern.ch/twiki/bin/view/LHCPhysics/SingleTopRefXsec}}
}	

